3308 5200
748 490 831 558 50
1499 515 1778 561 numm
1823 515 2193 561 munuum

922 664 1109 733 Neve
1138 665 1475 751 loquendo
1502 690 1744 749 morer,
1778 668 2138 736 succedens
2166 664 2376 735 tertia
2401 670 2656 735 terram

429 791 476 841 3.
500 791 727 841 Measur-
1012 770 1354 837 Mensuris
1387 772 1642 858 species
1674 772 1919 838 dividit
1950 775 2114 858 apta
2142 773 2305 837 suis.

427 858 601 971 {ffitflf
620 857 713 906 ὼε
922 874 1102 940 Num
1111 874 1274 960 quid
1304 897 1543 941 avarus
1575 897 1773 961 agros
1803 877 1932 941 hac
1962 875 2164 942 discit
2194 877 2279 942 ab
2309 880 2453 942 arte
2481 878 2798 961 paternos

1008 979 1135 1046 Vel
1164 1002 1318 1045 cum
1348 1000 1669 1065 germano
1692 981 2046 1046 dimidiare
2077 1002 2198 1046 suo
2218 983 2250 1046 ‘i’

925 1084 1059 1149 Ars
1091 1085 1325 1150 eadem
1355 1085 1633 1170 cupidos
1666 1086 1831 1166 caeli,
1861 1086 2094 1166 maris,
2127 1085 2301 1151 ae‘ris
2333 1084 2632 1169 amplum

1010 1189 1246 1256 Metiri
1277 1190 1575 1274 spatium
1603 1190 1821 1255 multa
1849 1191 2180 1275 magistra
2208 1189 2425 1256 docet.

923 1293 1111 1359 Num
1142 1314 1213 1360 se
1240 1294 1469 1360 metiri
1497 1296 1908 1380 geometrica
1934 1295 2118 1361 linea
2146 1316 2549 1380 quemquam

1010 1398 1266 1464 Edocet
1283 1401 1316 1463 5>
1360 1399 1502 1465 haec
1532 1400 1763 1465 crebro
1791 1420 1972 1464 mors
2001 1400 2332 1466 meditata
2360 1400 2577 1465 docet.

431 1543 478 1593 4.
507 1546 685 1592 Astro-
928 1501 1186 1582 Quarta
1217 1502 1461 1568 debinc
1492 1503 1746 1588 species
1777 1503 2000 1570 evexit
2030 1505 2117 1569 ad
2146 1508 2331 1569 astra
2360 1503 2697 1569 studentis

428 1622 603 1672 nomy.
1012 1606 1399 1692 Ingenium,
1428 1628 1744 1692 promens
1773 1607 1993 1672 multa
2014 1607 2359 1692 ‚stupenda
2386 1608 2579 1672 mihi.

758 1712 836 1777 P.
925 1711 1276 1795 Numquid
1298 1714 1367 1777 et
1399 1712 1486 1776 ad
1516 1731 1796 1797 geneses
1828 1711 2109 1797 ejusque
2140 1712 2656 1798 superstitiones

1015 1816 1279 1901 Lapsus
1309 1837 1380 1882 es
1403 1818 1436 1880 5>
1522 1816 1602 1881 L.
1645 1816 1791 1882 Iste
1819 1815 2076 1901 procul,
2110 1817 2201 1882 sit
2229 1817 2463 1901 procul
2492 1818 2623 1882 iste
2651 1817 2881 1882 furor!

430 1976 700 2025 Laurence
926 1919 1086 1985 Non
1112 1919 1284 1983 mihi
1315 1919 1514 1985 stella
1542 1919 1752 2000 Deus,
1781 1940 1907 1984 nec
1937 1919 2360 1986 constellatio
2389 1921 2602 1985 vitam

431 2041 652 2089 defends
1014 2024 1291 2110 Incipit,
1325 2027 1444 2088 aut
1474 2024 1787 2109 complet,
1820 2025 1987 2089 dans
2020 2025 2212 2109 quasi
2239 2025 2412 2105 fata,
2442 2046 2685 2091 meam.

426 2106 509 2155 ΜΒ
520 2106 734 2155 studies.
894 2130 999 2224 ,N
1000 2152 1110 2195 am
1137 2129 1363 2195 fatum
1390 2128 1565 2192 nihil
1595 2133 1722 2209 est,
1754 2133 1823 2195 et
1853 2128 2036 2193 solus
2069 2132 2317 2194 cuncta
2345 2130 2681 2213 gubernat

1017 2234 1149 2315 Qui
1183 2237 1387 2313 creat,
1418 2234 1694 2317 haecque
1716 2232 1917 2317 regit,
1951 2233 2067 2317 qui
2099 2233 2289 2297 dedit
2320 2255 2486 2313 esse,
2518 2234 2726 2300 DeuS.

759 2341 839 2405 P.
927 2340 1110 2423 Ergo
1143 2338 1306 2422 quid
1336 2337 1541 2422 egisti
1569 2359 1747 2422 vaga
1776 2335 2000 2402 sidera
2030 2357 2203 2421 saepe
2230 2338 2515 2422 ⁸vaganti

1013 2442 1301 2507 Lumine
1330 2440 1751 2526 perlustrans
1771 2441 1803 2505 ἱ)
1888 2440 1968 2505 L.
2014 2440 2278 2521 Dicere,
2309 2441 2532 2522 Petre‚
2563 2444 2797 2527 pudet.

759 2550 838 2614 P.
928 2547 1061 2612 Dic
1089 2556 1343 2613 tamen.
1433 2545 1513 2613 L.
1558 2545 1695 2610 Illa
1722 2566 1886 2611 meae
1920 2545 2311 2630 consumpsi
2340 2548 2650 2632 tempora
2676 2548 2856 2629 vitae,

1013 2652 1102 2716 In
1131 2651 1373 2736 quibus
1404 2650 1550 2734 ipse
1578 2649 1752 2713 mihi
1784 2671 1955 2734 saepe
1985 2651 2313 2734 magister
2342 2672 2548 2717 eram.
2753 2714 2764 2723 ‚

755 2761 836 2823 Ρ.
926 2756 1064 2822 Cur
1091 2758 1194 2821 ita
1214 2757 1246 2820 9
1332 2755 1576 2819 Nonne
1603 2757 1727 2818 tuo
1757 2753 1887 2817 tibi
1914 2757 2113 2839 parta
2140 2754 2367 2821 labore
2396 2754 2645 2821 reludit

1014 2861 1251 2927 Gloria
1272 2861 1305 2923 5>
1349 2880 1574 2923 nonne
1602 2856 1840 2942 procul
1868 2860 1938 2923 te
1967 2861 2092 2922 tua
2118 2857 2306 2923 fama
2335 2859 2522 2925 vehit
2546 2862 2578 2924 ἵ)

753 2968 832 3033 L.
923 2966 1091 3047 Quis
1124 2965 1274 3043 sim,
1305 2963 1529 3043 Petre,
1561 2961 1776 3028 sciens
1795 2963 1832 3026 {³
1877 2962 1959 3027 de
1989 2984 2096 3028 me
2126 2963 2296 3026 mihi
2326 2965 2544 3044 credo,
2578 2965 2838 3049 quietas

1019 3070 1185 3134 Sum
1214 3066 1426 3134 veluti
1458 3086 1697 3131 saxum
1727 3067 1982 3151 grande
2010 3088 2212 3132 ruens
2243 3068 2318 3130 in
2347 3090 2555 3152 aquas
2582 3095 2598 3132 ε

429 3107 723 3236 &2223ae
929 3172 1289 3258 Mergitur,
1316 3170 1643 3255 'exiguum
1675 3170 1793 3235 sed
1820 3169 1895 3232 in
1925 3171 2154 3236 orbem
2184 3172 2446 3257 colligit
2474 3175 2748 3255 undam,

429 3239 711 3353 ἔοῙῗζι-,ηοῗθ
766 3324 769 3325 ⁷
1018 3277 1295 3361 Spargit
1324 3279 1394 3341 et
1421 3274 1760 3338 undarum
1786 3294 1924 3338 non
1951 3274 2186 3358 procul
2216 3275 2375 3342 inde
2405 3276 2641 3362 globos
2665 3304 2685 3358 3
2817 3286 2821 3295 ²

428 3368 634 3482 Ψῑοζζξ
687 3448 728 3484 r.
932 3380 1210 3469 Spargit
1241 3377 1632 3444 distendens
1662 3378 1800 3463 maj
1808 3378 2036 3442 oribus
2069 3379 2341 3444 orbibus
2371 3380 2578 3464 ipsos,

1012 3487 1245 3551 Donec
1273 3482 1628 3569 pulsandis
1657 3479 1977 3546 fluctibus
2006 3483 2193 3547 unda
2219 3488 2453 3564 vacet3

931 3591 1208 3675 Semper
1237 3592 1307 3655 et
1338 3608 1518 3673 aegra
1547 3586 1769 3670 magis
1799 3589 1956 3669 post
1984 3587 2128 3650 haec
2159 3589 2229 3652 et
2256 3587 2585 3673 languida
2612 3590 2817 3675 pulsu

1010 3692 1288 3759 Undula
1315 3690 1649 3776 posterior
1679 3688 2000 3755 debiliore
2027 3694 2229 3755 meat.
2421 3692 2426 3698 ’

926 3798 1123 3881 Quod
1155 3797 1214 3861 si
1244 3798 1616 3865 crescentes
1648 3792 1934 3859 offendit
1968 3792 2251 3877 quilibet
2292 3795 2533 3878 undas,

1010 3902 1266 3980 Motus,
1297 3899 1521 3978 Petre,
1551 3901 1734 3963 retro
1763 3897 2074 3981 protinus
2105 3897 2220 3964 ille
2248 3900 2466 3981 redit3

925 4009 1016 4071 Et
1044 4006 1230 4072 velut
1261 4004 1348 4070 ad
1377 4006 1683 4069 centrum
1711 4001 1900 4086 prius
1930 4002 2112 4067 unde
2141 4007 2403 4069 mearat
2432 4005 2686 4073 eisdem

1008 4110 1227 4176 Undis
1256 4111 1559 4193 urgetur.
1649 4108 1732 4170 P.
1779 4104 2039 4186 Quaeso,
2073 4106 2236 4189 quid
2266 4108 2402 4173 ista
2431 4110 2667 4176 volunt
2686 4113 2718 4177 ἱ)

749 4219 829 4283 L.
916 4217 1078 4280 Non
1106 4235 1296 4280 secus
1325 4214 1659 4297 ingenuas
1687 4209 1859 4273 mihi
1887 4209 2060 4274 vado
2089 4211 2417 4295 magister
2445 4214 2520 4277 in
2551 4220 2749 4297 artes,

425 4297 682 4423 fflffeflssee
1010 4317 1274 4384 Obruor
1302 4316 1626 4400 ipsarum,
1658 4313 1882 4392 Petre,
1912 4313 2255 4397 profunda
2282 4319 2521 4399 petens
2548 4343 2564 4382 ς

424 4427 470 4504 ξε
493 4428 671 4477 buried
928 4423 1062 4489 Sed
1089 4442 1241 4486 mea
1271 4419 1528 4504 scripta
1555 4438 1745 4483 meus
1777 4417 1960 4502 rapit
1987 4438 2165 4482 unus
2198 4422 2266 4484 et
2298 4420 2471 4486 alter
2501 4424 2780 4505 amicus,
2863 4424 2868 4429 ’

422 4492 677 4620 {fdlgssf'w'
1009 4524 1277 4590 Laudat
1306 4527 1376 4590 et
1405 4522 1715 4589 extendit
1742 4520 2058 4586 laudibus
2088 4520 2210 4588 illa
2238 4523 2421 4603 suis3

3018 980 3143 1045 110

3022 2024 3147 2087 120

3027 2546 3149 2610 125

3021 3066 3149 3133 130

3022 3591 3148 3654 135

3019 4112 3144 4176 140
