3308 5200
1140 523 1638 573 nmmumvsm.
1728 517 1935 571 unna
1979 517 2089 572 111.
2624 489 2708 565 41

194 677 464 792 Βὸῠΐξὲθξ
693 680 839 745 Nec
866 683 1037 765 puto
1064 684 1266 766 turpe
1298 681 1469 744 mihi
1500 681 1730 746 natale
1763 682 1981 746 solum
2010 677 2340 765 profiteri,
2780 671 2909 737 335

192 757 463 858 Βηῗνὲιωῖῃ
781 784 932 866 Quo
962 789 1209 850 natura
1239 786 1442 851 decus
1474 786 1594 850 dat
1624 786 1915 871 speciale
1946 785 2119 865 sibi;

192 872 357 1003 {ndffidu
357 938 455 987 ced
697 888 860 969 Quae
889 890 1160 974 pariens
1193 890 1354 974 quid
1382 889 1599 975 possit
1627 889 1724 956 ibi
1754 890 2058 956 studiosa
2087 887 2424 974 probavit,

190 1017 354 1066 many
781 992 1036 1058 Vestiit
1065 997 1136 1059 et
1163 993 1349 1058 vario
1377 993 1569 1078 larga
1598 995 1835 1059 decore
1863 994 2107 1059 locum.

192 1068 470 1182 ξ’ζῗᾶῗθξᾶ
693 1097 874 1162 Nam
894 1097 1043 1181 quis
1061 1098 1363 1175 humum,
1385 1101 1532 1182 quis
1553 1098 1747 1163 dulce
1765 1119 2024 1178 nemus,
2046 1095 2193 1182 quis
2215 1098 2417 1180 prata
2433 1094 2712 1173 decoris,

483 1203 487 1207 ’
779 1201 946 1282 Quis
977 1201 1187 1286 digna
1214 1200 1434 1266 varias
1464 1201 1663 1265 laude
1692 1200 2011 1285 loquatur
2038 1221 2247 1284 aquas
2266 1202 2299 1265 ἵ)
2783 1194 2910 1257 340

691 1305 784 1369 Et
809 1304 973 1387 licet
1002 1305 1146 1390 ipse
1175 1305 1395 1370 locum
1426 1304 1599 1394 situs
1629 1305 1873 1384 efferat
1901 1308 2103 1390 aptus
2133 1325 2487 1384 amoenum,

779 1408 911 1473 Ars
943 1411 1173 1473 tamen
1203 1409 1525 1475 accedens
1557 1408 1811 1474 aedibus
1841 1411 2041 1473 ornat
2076 1430 2252 1475 eum.

190 1527 286 1576 the
230 1461 454 1603 ωέῗὲοθὲ
693 1511 840 1576 Has
872 1512 931 1577 si
960 1511 1400 1597 conspiceret,
1430 1516 1596 1596 puto
1626 1511 1940 1577 Daedalus
1970 1512 2114 1598 ipse
2144 1512 2470 1596 stuperet,

186 1591 355 1721 ζξέᾶξι
342 1597 451 1707 ξω
778 1615 1211 1700 Artificisque
1240 1638 1518 1681 manum
1547 1615 1839 1681 disceret
1870 1617 2037 1681 artis
2066 1616 2284 1701 inops.

193 1747 365 1808 Pears,
692 1719 825 1784 Ars
855 1740 1135 1804 operosa
1163 1719 1370 1805 piros,
1403 1719 1640 1800 oleam,
1673 1720 2020 1804 pomoeria,
2051 1720 2283 1800 vitem,
2786 1715 2914 1778 345

188 1813 368 1888 oiives,
777 1823 1035 1904 Ficum,
1069 1826 1445 1904 castaneas,
1476 1823 1744 1887 addidit
1774 1826 1974 1907 atque
2004 1844 2268 1888 nucem.

187 1892 426 2006 ἔῗεῗεὲω.
688 1926 1001 1993 AEsculus
1031 1926 1343 2012 expansis
1374 1930 1445 1994 et
1475 1930 1799 1992 coctanus
1827 1926 2125 2011 undique
2166 1926 2393 2007 ramis,

775 2031 1086 2097 Persicus
1118 2032 1190 2095 et
1218 2051 1443 2095 morus
1472 2030 1692 2095 multa
1721 2029 1972 2095 reludit
2002 2030 2120 2096 ibi.

688 2133 949 2202 Oaetera
978 2134 1139 2219 quid
1166 2155 1532 2200 memorem
1549 2137 1581 2199 P
1628 2134 1882 2200 sterilis
1914 2134 2202 2221 speciale
2230 2135 2552 2220 juvamen

777 2239 1268 2325 Mandragoras
1297 2238 1498 2319 uteri,
1528 2238 1755 2320 Petre,
1789 2239 1999 2304 silebo
2028 2239 2180 2305 tibi.
2787 2235 2915 2299 350

689 2342 835 2410 Nec
864 2343 995 2408 tibi
1023 2343 1307 2428 pulchra
1335 2343 1572 2427 loquar
1599 2343 1942 2425 viridaria,
1974 2347 2046 2409 te
2075 2365 2200 2409 nec
2228 2343 2305 2406 in
2333 2343 2568 2407 hortos

691 2437 697 2442 ’
777 2448 1109 2512 Inducam
1138 2446 1380 2511 varios.
1469 2448 1548 2511 P.
1625 2447 1810 2527 Quos
1829 2450 1862 2513 ‘x‘
1906 2448 2295 2513 olerumne‘?
2338 2446 2583 2533 placet.

692 2550 877 2617 Allia
904 2555 1011 2616 vel
1040 2571 1255 2637 caepas
1285 2549 1457 2615 mihi
1484 2571 1693 2636 parva
1720 2551 1947 2618 videre
1975 2552 2311 2638 voluptas,

775 2656 1045 2722 Nedum
1074 2655 1253 2740 quod
1282 2656 1672 2720 stomachus
1704 2658 1936 2723 noster
1965 2656 2281 2723 abhorret
2312 2656 2482 2721 olus.

519 2759 598 2824 L.
694 2757 769 2823 Si
799 2759 1038 2844 quibus
1070 2758 1333 2839 areolis,
1365 2778 1494 2842 quo
1524 2761 1818 2826 scemate
1848 2762 2060 2841 curat,
2094 2763 2165 2825 et
2194 2761 2430 2825 hortos
2788 2757 2913 2820 355

192 2878 327 2927 Fine
777 2863 910 2928 Ars
939 2862 1227 2948 operalis
1258 2882 1370 2927 eos
1402 2883 1534 2945 qua
1561 2862 1828 2928 ratione
1858 2862 2046 2945 serit,

190 2943 429 3070 ἓξὲξ.
692 2966 947 3033 Ordine
977 2988 1107 3053 quo
1135 2967 1427 3052 plantat,
1458 2965 1566 3031 vel
1595 2967 1904 3051 qualibus
1934 2968 2179 3054 irrigat
2206 2969 2434 3049 undis,

781 3070 853 3135 Si
882 3070 1034 3151 tibi,
1064 3071 1288 3151 Petre,
1319 3070 1590 3155 loquare
1640 3072 1759 3136 sed
1790 3071 1952 3156 quid
1982 3072 2069 3137 ad
2098 3072 2236 3137 ista
2261 3075 2533 3137 morer?

196 3197 304 3248 The
693 3174 968 3261 Surgat,
993 3177 1064 3239 et
1093 3174 1443 3240 ecclesiam
1476 3173 1742 3240 Sanctae
1780 3175 2015 3241 Crucis
2045 3179 2193 3241 arte
2225 3177 2629 3260 stupendam

192 3262 468 3390 ξξὲἳὲξῙξ
776 3279 1029 3344 Noster
1058 3299 1275 3343 sermo
1303 3281 1518 3364 petat.
1607 3280 1689 3344 P.
1763 3279 2059 3344 Pulchra
2089 3280 2217 3344 sit.
2266 3282 2413 3344 esto
2442 3279 2684 3346 brevis.
2787 3278 2912 3340 360

196 3393 359 3443 Orous.
519 3382 598 3448 L.
688 3383 817 3447 Est
843 3383 1142 3447 formosa
1170 3383 1445 3447 modum
1474 3382 1905 3467 specialiter
1885 3403 2036 3467 1psa
2063 3404 2184 3469 per
2212 3404 2502 3449 omnem.

785 3487 1038 3551 Sumne
1065 3486 1285 3551 brevis
1304 3488 1336 3552 9
1423 3487 1503 3551 Ρ.
1563 3486 1871 3550 Brevitas
1901 3487 2115 3551 effluit
2142 3486 2278 3553 ista
2309 3488 2500 3553 satis.

521 3591 600 3656 L.
691 3590 865 3656 Cum
894 3612 1017 3657 sua
1043 3590 1267 3655 forma
1297 3611 1557 3655 sacram
1587 3590 1757 3654 satis
1786 3592 1856 3656 et
1885 3611 2085 3675 super
2113 3590 2356 3656 efferat
2399 3591 2627 3673 aedem,

195 3644 461 3774 3315?oe
781 3694 1040 3761 Oaetera
1071 3714 1202 3778 quo
1230 3696 1536 3759 taceam}³
1582 3694 1799 3759 clerus
1830 3694 2121 3758 honorat
2151 3717 2341 3776 eam3

197 3790 386 3903 {ressfiy
406 3839 463 3889 of
696 3797 928 3864 Clerus
957 3801 1028 3866 et
1056 3797 1305 3876 aulaeis,
1339 3797 1555 3861 multo
1582 3796 1736 3881 plus
1767 3795 1982 3863 clerus
2013 3800 2083 3863 et
2112 3819 2299 3879 auro,
2786 3799 2912 3862 365

197 3906 289 3954 the
305 3904 498 3980 epm-oh
781 3901 1017 3970 Clerus
1047 3904 1119 3966 et
1148 3904 1457 3987 argentO,
1489 3900 1707 3965 clerus
1738 3903 1809 3964 et
1838 3922 1967 3968 aere
1999 3922 2159 3983 suo;

198 3969 400 4085 {230}oe
697 4005 933 4072 Olerus
963 4009 1033 4071 et
1061 4003 1433 4070 innumeris
1462 4004 1615 4090 plus
1644 4004 1824 4070 hanc
1854 4006 2203 4072 ornatibus
2234 4010 2454 4089 ornat,

196 4101 411 4151 ratione.
783 4108 981 4174 Illius
1010 4109 1142 4174 iste
1171 4109 1408 4174 domus
1435 4111 1678 4175 vernat
1706 4108 1781 4172 in
1810 4128 2009 4175 omne
2039 4110 2263 4175 decus.

200 4166 426 4293 ξτξιῖὲῗιῖ
697 4214 955 4279 Parvus
985 4213 1073 4277 ab
1101 4211 1259 4277 his
1240 4235 1314 4275 111
1342 4234 1424 4278 ea
1450 4232 1658 4296 parvo
1688 4232 1842 4279 cum
1869 4212 2107 4294 fratre,
2138 4217 2420 4298 paterne

200 4295 357 4410 wfi’tlsse
351 4309 437 4408 ᾖξε
781 4317 1126 4398 Nutritus,
1158 4314 1365 4381 didici
1391 4316 1611 4379 multa
1637 4317 1937 4382 tenenda
1963 4317 2156 4382 mihi.
2788 4319 2915 4385 370

199 4425 407 4475 brother
523 4424 606 4489 P.
693 4420 1041 4506 Numquid
1069 4423 1140 4485 et
1169 4421 1297 4485 hoc
1328 4419 1505 4504 quod
1531 4419 1632 4484 ais
1665 4420 1842 4504 quod
1870 4423 1943 4484 et
1971 4420 2144 4485 ultio
2174 4422 2397 4507 gratia
2426 4383 2585 4503 dici,

200 4490 385 4610 ξέιιξξ
785 4525 1109 4609 Quodque
1136 4523 1332 4589 furor
1356 4522 1597 4610 pietas,
1628 4522 1858 4608 iraque
1887 4523 2087 4590 debet
2123 4546 2309 4590 amor
2325 4528 2359 4592 5·
