3308 5200
158 1649 246 1698 He
267 1649 400 1700 10888

155 1729 334 1778 every-

155 1778 327 1843 thing.

158 2590 266 2640 The
288 2606 399 2640 mu-

155 2657 372 2719 tability
402 2656 460 2704 of

153 2721 378 2784 worldly

154 2786 355 2849 things.

152 3654 420 3721 Laurence

148 3719 247 3767 has

149 3783 368 3832 learned
390 3798 423 3831 a

148 3849 321 3897 1888011

150 3914 288 3963 from
307 3913 367 3963 it.

154 4163 309 4211 Peter

148 4227 337 4290 speaks
358 4227 416 4276 of

147 4292 241 4342 the
266 4292 424 4355 good-

149 4372 270 4406 ncss
292 4357 399 4405 and

146 4424 416 4484 greatness

146 4487 205 4536 of
227 4486 360 4538 God.

480 3836 559 3900 P.

1102 555 1600 606 nmmnsm.
1690 557 1898 601 LIBER.
1941 557 2050 602 111.
2577 529 2663 595 45

659 707 790 774 Sed
830 708 1114 787 culmen,
1142 711 1260 775 sed
1289 732 1470 797 opes,
1504 712 1623 777 sed
1649 712 1868 775 multa
1894 709 2226 796 potentia,
2257 726 2495 792 meque

742 812 975 878 Gloria
1001 814 1221 878 furari
1251 814 1495 881 dehinc
1527 816 1845 880 studuere
1874 814 2066 879 mihi.

656 915 1006 998 Crescunt,
1031 917 1212 981 ultro
1227 918 1484 1005 favent,
1516 920 1749 1003 procul
1771 922 1842 984 et
1869 940 2077 1004 prope
2105 914 2668 1000 multiplicantur,

742 1020 1012 1086 Grande
1044 1021 1201 1105 quid
1233 1025 1302 1086 et
1332 1022 1658 1087 simulant
1686 1044 1881 1107 posse
1908 1023 2015 1088 vel
2044 1042 2187 1087 esse
2219 1041 2434 1085 suum.
2735 1029 2863 1092 490

656 1124 873 1209 Inque
903 1125 1081 1190 datis
1109 1126 1222 1210 jus
1252 1127 1479 1191 dantis
1509 1147 1768 1208 amans,
1801 1129 1964 1192 data
1994 1126 2279 1209 denique
2310 1123 2482 1208 coepi

742 1229 829 1293 In
860 1251 930 1294 se
958 1230 1231 1310 mirari3
1267 1230 1491 1311 fallor,
1525 1234 1594 1295 et
1623 1231 1744 1295 illa
1771 1233 1982 1317 probo
2006 1257 2022 1295 z

655 1333 943 1417 Jamque
970 1334 1261 1419 placent,
1292 1334 1435 1419 jam
1465 1356 1756 1418 namque
1787 1335 1957 1398 mihi
1984 1356 2091 1399 me
2124 1334 2346 1420 gratia
2375 1331 2579 1417 liquit

744 1438 1052 1518 Fluctuo,
1086 1439 1392 1522 quodque
1422 1437 1576 1502 fluit
1604 1459 1802 1523 posse
1833 1460 2106 1503 manere
2133 1440 2324 1524 puto·

660 1541 790 1608 Sed
821 1542 1002 1626 quid,
1033 1542 1255 1622 Petre,
1289 1562 1511 1606 morer
1525 1545 1558 1607 9
1602 1543 1782 1607 redit
1812 1546 1883 1607 et
1910 1543 2091 1629 rapit
2120 1542 2350 1607 omnia
2378 1543 2593 1627 gratis
2740 1548 2870 1614 495

742 1645 1007 1726 Gratia,
1040 1648 1277 1710 nostra
1307 1646 1491 1710 cadit
1521 1646 1760 1732 gloria,
1792 1648 2056 1713 culmen
2087 1647 2252 1711 abit.
2301 1707 2316 1724 ,

656 1751 1139 1814 Extenuantur
1166 1771 1345 1835 opes,
1376 1749 1555 1834 perit
1584 1750 1704 1815 illa
1732 1752 2065 1836 potentia,
2094 1750 2327 1837 flagris

739 1854 1011 1935 Arceor,
1045 1854 1322 1918 exilium
1347 1853 1558 1939 ploro,
1589 1854 1823 1919 laboro
1864 1856 2068 1920 fame.

659 1958 791 2023 Sed
818 1957 1011 2038 flens,
1044 1959 1163 2022 sed
1192 1979 1420 2039 caesuS,
1454 1959 1572 2024 sed
1602 1980 1832 2044 egens,
1867 1958 2029 2043 quid
2058 1958 2298 2023 Gratia
2332 1958 2549 2042 possit

741 2063 903 2127 Plus
935 2060 1179 2143 didici3
1226 2061 1452 2144 didici,
1484 2084 1608 2128 1188
1639 2062 1957 2128 didicisse
1984 2063 2196 2148 piget.
2744 2070 2871 2135 500

654 2167 880 2231 Rebus
909 2166 997 2231 ab
1026 2165 1322 2231 adversis
1352 2165 1522 2230 mihi
1549 2188 1869 2252 prospera
1905 2167 2160 2232 discere
2190 2168 2414 2252 coepit,

741 2271 834 2334 Et
863 2290 969 2333 me
996 2270 1149 2357 plus
1171 2270 1440 2355 rapiens
1473 2269 1713 2336 Gratia
1742 2272 1951 2335 dante
1980 2272 2196 2336 docet.

655 2373 895 2440 Gratia
924 2375 1114 2455 dans,
1147 2377 1336 2455 orat3
1377 2375 1647 2460 rapiens
1677 2375 1850 2439 mihi
1878 2376 2074 2448 dona,
2104 2379 2413 2460 perorat3

739 2477 1028 2561 Jamque
1059 2477 1165 2542 sui
1193 2477 1437 2543 merito
1466 2477 1711 2542 metior
1740 2478 1920 2543 orbis
1952 2499 2110 2563 opes
2135 2505 2153 2559 3

655 2580 925 2663 Metior,
957 2584 1162 2666 atque
1191 2580 1362 2646 mihi
1392 2603 1531 2647 non
1559 2581 1875 2665 mentior,
1907 2582 2136 2648 omnia
2178 2584 2417 2650 mundi
2745 2590 2871 2656 505

741 2686 1164 2752 Praetereunt
1194 2690 1265 2751 et
1294 2689 1481 2768 eunt,
1511 2707 1697 2751 more
1725 2686 2001 2751 fluentis
2031 2708 2238 2771 aquae.

656 2789 864 2855 Nulla
875 2793 1177 2871 manent,
1191 2790 1326 2854 cito
1347 2793 1592 2855 cuncta
1607 2793 1863 2871 meant,
1877 2810 2001 2855 nec
2011 2791 2261 2856 habere
2284 2796 2672 2859 manentem

741 2893 1106 2959 Possumus
1135 2894 1248 2959 1118
1278 2894 1533 2974 urbem,
1564 2893 1678 2979 jus
1706 2893 1825 2958 ubi
1855 2894 2012 2959 finis
2041 2895 2267 2961 habet.

655 3000 846 3065 Finis
875 3001 950 3064 in
977 2999 1136 3064 orbe
1164 2997 1400 3063 furens
1430 3000 1501 3061 et
1531 3000 1796 3082 sceptra
1824 2996 2167 3082 ligonibus
2198 3003 2441 3083 aequat,

740 3106 834 3170 Et
863 3103 1070 3170 servis
1100 3102 1405 3167 dominos
1434 3101 1744 3186 praecipit
1773 3121 1918 3165 esse
1946 3123 2180 3187 pares3
2742 3112 2869 3177 510

652 3209 947 3276 Urbibus
977 3212 1049 3273 et
1076 3206 1264 3285 vicis,
1297 3208 1368 3269 et
1394 3196 1720 3286 turribus,
1766 3208 1972 3289 atque
1998 3206 2324 3287 tabernis,

738 3313 984 3379 Exitus
1015 3312 1089 3375 in
1118 3310 1410 3375 nihilum
1438 3308 1574 3374 fine
1603 3306 1922 3373 trahente
1953 3309 2157 3374 subit.

653 3418 711 3485 O
741 3440 965 3483 rerum
994 3417 1191 3482 tenui
1221 3436 1423 3501 quam
1451 3415 1754 3500 pendent
1782 3413 2011 3478 omnia
2041 3413 2189 3477 filo!

738 3521 1053 3587 Praeterit
1081 3524 1286 3604 atque
1314 3519 1495 3605 perit
1525 3518 1841 3603 quicquid
1870 3518 1929 3582 is
1960 3517 2141 3581 orbis
2170 3517 2400 3582 habet.

648 3626 801 3692 Hoc
827 3625 1000 3690 mihi
1027 3646 1135 3690 me
1165 3645 1483 3689 revocans
1510 3622 1626 3707 pia
1657 3622 1883 3707 gratia
1909 3621 2182 3685 verbere
2211 3623 2563 3707 prompsit,
2739 3630 2867 3694 515

737 3729 997 3811 Quidve
1028 3728 1120 3793 sit
1147 3728 1276 3793 hoc
1307 3728 1482 3812 quod
1513 3726 1679 3806 abit,
1710 3746 1905 3810 posse
1934 3724 2157 3790 videre
2198 3725 2405 3791 dedit.

649 3834 971 3900 Gratulor
1000 3836 1071 3898 et
1099 3832 1331 3916 flagris
1364 3831 1541 3915 quod
1570 3830 1668 3895 sic
1697 3832 2016 3914 operatur
2046 3828 2320 3909 amaris3

737 3937 951 4001 Dulce
982 3934 1222 4001 salutis
1252 3956 1417 4019 opus
1442 3961 1460 4015 3
1507 3934 1722 3998 dulcis
1750 3933 2000 4016 ubique
2029 3932 2233 3997 Deus.

652 4042 745 4106 Et
777 4040 925 4124 quis
948 4041 1124 4104 Eum
1155 4038 1381 4123 dignis
1411 4037 1650 4102 efferre
1673 4036 2019 4101 favoribus
2049 4035 2291 4100 ardens

737 4145 902 4226 Quae
930 4143 1114 4221 velit,
1147 4142 1450 4207 evaleat?
1495 4140 1804 4225 subjacet
1834 4160 2010 4224 aeger
2036 4138 2259 4203 1101110.
2734 4149 2862 4215 520

648 4249 706 4316 O
736 4250 806 4312 in
838 4247 1037 4311 laude
1069 4246 1340 4330 quidem
1368 4245 1593 4329 major
1618 4245 1806 4308 Deus
1837 4263 1982 4308 esse
2011 4243 2336 4326 probatur

732 4351 868 4432 Qui
893 4352 1147 4429 bonus3
1197 4369 1395 4413 omne
1426 4349 1678 4412 bonum
1710 4346 1888 4430 quod
1917 4347 1997 4409 fit
2025 4345 2273 4429 ubique
2301 4345 2496 4412 facit.

647 4455 858 4538 Cujus
890 4474 1057 4538 opus
1086 4452 1218 4516 tibi
1243 4452 1434 4517 facta
1464 4451 1666 4531 salus,
1698 4453 1768 4514 et
1798 4449 2016 4515 cordis
2047 4453 2319 4533 apertus

732 4559 776 4627 J
776 4580 889 4624 am
916 4556 1048 4623 tibi
1075 4577 1260 4622 nune
1288 4555 1542 4637 oculus,
1574 4555 1855 4646 gaudeo,
1886 4575 2129 4623 munus
2159 4574 2414 4622 81118118.
