3308 5200
745 490 830 554 68
906 517 910 520 Α
1331 507 1679 554 Excnnrm
1721 507 1812 553 Ex
1855 504 2354 552 mocnosrmo

919 679 1029 745 Sic
1057 683 1290 746 tamen
1318 679 1663 745 interdum
1691 678 1909 744 brevis
1940 698 2085 743 esse
2112 676 2395 758 laborat,
2426 681 2508 742 ut
2536 677 2717 743 idem

1000 785 1159 848 Non
1188 782 1392 849 nimis
1417 783 1739 849 obscurus
1772 782 1864 846 sit
1891 781 2223 847 brevitate
2253 802 2412 861 sua3

914 889 1021 953 Ne
1049 887 1252 953 nimis
1281 887 1539 953 enervis
1571 889 1868 953 sectetur
1892 885 2104 965 laevia,
2136 888 2416 970 captans
3059 871 3146 935 50
3175 929 3180 932 2

1001 991 1323 1072 Grandia,
1357 1012 1443 1056 ne
1470 990 1760 1055 nimium
1787 992 2061 1074 turgeat
2090 1009 2302 1073 usque
2333 989 2584 1053 studet.

918 1097 1152 1180 thue
1180 1096 1577 1179 frequenter
1607 1115 1685 1159 eo
1713 1094 1948 1179 procul
1977 1092 2120 1158 otia
2147 1092 2347 1178 pello,
2377 1093 2628 1178 repello

1001 1199 1249 1280 Taedia,
1283 1199 1379 1264 sic
1409 1198 1618 1263 etiam
1647 1197 1934 1263 crimina
1960 1198 2139 1283 pello
2170 1196 2391 1261 simul.

914 1305 1007 1369 Et
1038 1304 1097 1369 si
1125 1324 1262 1368 non
1292 1302 1465 1384 aliis,
1496 1302 1667 1366 mihi
1696 1302 1792 1367 sic
1821 1322 1972 1366 mea
2001 1300 2300 1366 carmina
2328 1302 2651 1385 prosunt3

998 1408 1092 1471 Et
1122 1407 1281 1491 quia
1309 1407 1405 1472 sic
1434 1408 1721 1491 prosunt
1749 1425 1856 1469 me
1888 1425 2147 1489 quoque
2175 1404 2327 1490 jure
2356 1404 2620 1489 juvant.
3056 1393 3142 1457 55

920 1512 1053 1576 Sed
1083 1512 1227 1597 jam
1256 1509 1674 1596 propositum
1704 1511 1965 1594 repetet
1996 1508 2464 1594 stylusyatque
2492 1506 2759 1573 libellus

1000 1614 1182 1679 Huic
1212 1614 1399 1700 operi
1419 1616 1635 1677 metas
1665 1612 1948 1676 ultimus
1979 1611 2109 1678 iste
2139 1611 2352 1676 dabit.

738 1802 1321 1868 XXIV—Auctor
1393 1801 1678 1885 loquitur
1721 1800 1810 1863 ad
1856 1800 2118 1863 Musam
2171 1821 2358 1863 suam
2417 1821 2554 1885 quoe
2595 1799 2682 1863 sit
2737 1821 2936 1862 causa

1381 1904 1477 1967 vel
1520 1903 1673 1967 ordo
1696 1904 2028 1987 proesentis
2057 1904 2283 1987 operis·

418 2014 685 2141 ἓξθῗῗὲξὲ
917 2043 1049 2108 Sed
1081 2043 1384 2126 superest
1415 2041 1502 2104 ad
1531 2061 1682 2104 eam
1709 2040 1820 2105 via
1848 2040 2064 2105 multa
2092 2039 2302 2120 mihi;
2349 2040 2766 2104 redeundum

419 2143 717 2257 'ffafflgrgffl
999 2147 1045 2212 J
1044 2168 1156 2211 am
1184 2148 1351 2209 tunc
1380 2146 1468 2209 ad
1496 2146 1756 2210 veteres
1787 2147 1890 2208 est
1920 2144 2069 2224 tibi,
2101 2144 2320 2224 Musa,
2353 2144 2613 2209 Patres·

917 2253 1009 2316 Et
1037 2270 1158 2335 per
1186 2269 1299 2314 eos
1330 2249 1418 2313 ad
1447 2269 1618 2328 eam,
1650 2247 1830 2312 sicut
1857 2251 2049 2332 put0‚
2079 2248 2567 2333 perveniemus,
3055 2265 3136 2327 60

928 2369 932 2373 ·
1007 2354 1188 2418 Nam
1218 2354 1478 2417 veteres
1510 2351 1596 2416 ad
1627 2372 1779 2415 eam
1797 2354 1962 2416 sunt
1980 2351 2088 2416 via
2119 2355 2305 2416 certa
2326 2353 2585 2416 Patres.

920 2458 1064 2522 Lex
1091 2454 1447 2535 naturaliS,
1481 2454 1991 2539 conscriptaque
2020 2454 2131 2520 lex
2157 2455 2532 2520 breviatam

1008 2561 1186 2626 Sunt
1214 2558 1347 2625 iter
1374 2558 1448 2623 in
1477 2558 1697 2645 legem
1727 2580 1861 2643 qua
1889 2561 2240 2645 reparetur
2267 2559 2490 2624 homo·

920 2666 1073 2731 Hoc
1102 2665 1235 2728 iter
1263 2662 1585 2748 ingressis
1616 2662 1940 2728 miserens
1972 2663 2176 2743 Deus,
2206 2663 2506 2746 undique
2535 2662 2730 2729 nobis

1005 2768 1150 2831 Aut
1180 2766 1384 2831 miser
1413 2767 1727 2847 occurrit,
1760 2768 1878 2831 sed
1907 2754 2326 2832 miserandus
2357 2767 2587 2831 homot
3053 2788 3134 2854 65

920 2873 1183 2957 Lapsus
1212 2871 1435 2949 homo,
1468 2870 1874 2934 miserensve
1904 2870 2089 2935 Deus
2119 2870 2226 2935 vel
2253 2890 2504 2954 magna
2534 2871 2790 2936 Thaliae

1008 2975 1232 3040 Causa
1260 2973 1365 3038 vel
1394 2973 1613 3038 omnis
1645 2973 1838 3038 adest
1866 2994 2137 3059 prorsus
2165 2973 2414 3057 ubique
2443 2995 2627 3040 meae.

924 3076 1294 3164 Sanguinis
1324 3076 1545 3141 instar
1573 3076 1756 3140 enim
1781 3097 1903 3161 per
1932 3076 2200 3162 singula
2228 3078 2527 3143 membra
2555 3078 2788 3160 refusi,

1009 3183 1162 3247 Hoc
1190 3183 1516 3266 vegetant
1546 3201 1785 3265 corpus
1817 3180 2132 3246 carminis
2165 3202 2360 3248 omne
2389 3183 2542 3248 mei.

429 3282 646 3359 conclu·
921 3288 987 3352 A
1013 3284 1347 3352 brevitate
1375 3287 1629 3364 tamen,
1662 3284 1982 3368 quoniam
2009 3285 2230 3351 brevis
2260 3307 2404 3352 esse
2432 3287 2717 3368 laborat,
3057 3309 3133 3376 70

429 3363 472 3396 ⁸¹
1011 3390 1218 3454 Hunc
1248 3391 1559 3453 nostrum
1587 3388 1769 3453 volui
1798 3409 2047 3453 nomen
2075 3389 2321 3455 habere
2350 3390 2619 3456 librum.

925 3493 1156 3579 Hujus
1187 3485 1261 3557 at
1291 3491 1541 3577 expleti
1568 3512 1720 3556 mea
1750 3493 1883 3556 fine
1914 3513 2210 3558 camaena
2237 3493 2452 3561 libelli

1012 3598 1057 3662 J
1061 3618 1171 3660 am
1199 3599 1502 3661 recreata
1530 3616 1813 3679 sequens
1841 3597 2216 3681 promptior
2243 3598 2372 3663 ibit
2400 3600 2552 3664 iter.

929 3701 1199 3791 Fortior
1226 3700 1569 3764 interdum
1598 3700 1938 3765 distensus
1968 3700 2275 3765 redditur
2301 3723 2520 3784 arcus,

1004 3803 1171 3885 Qui,
1201 3800 1337 3868 nisi
1366 3802 1652 3868 desistas
1683 3804 1980 3884 tendere,
2012 3803 2238 3870 lentus
2268 3806 2419 3871 erit.

1121 4079 1351 4124 1.—mz
1399 4058 1647 4124 smero
1695 4079 1961 4123 Ammo
2005 4078 2564 4138 Puoroufflmn.

437 4214 611 4265 Death
645 4214 702 4264 of
931 4196 1091 4262 Non
1119 4199 1335 4276 vacat,
1365 4196 1630 4262 Albano
1657 4200 2149 4284 protomartyre
2177 4198 2334 4262 laeta
2360 4198 2741 4283 triumphat
2763 4223 2779 4262 ε

436 4281 623 4329 Alban.
1017 4300 1222 4365 Hunc
1252 4300 1547 4383 equitem
1575 4300 1851 4385 fugiens
1882 4301 2160 4366 clericus
2191 4323 2365 4367 unus
2394 4303 2579 4382 adit3

934 4404 1229 4471 Clericus
1260 4404 1621 4490 expetitur,
1654 4405 1847 4470 miles
1876 4405 2200 4491 procedit,
2232 4409 2303 4470 et
2331 4405 2513 4471 idem

1020 4509 1312 4594 Hospite
1343 4512 1607 4575 servato
1638 4510 2062 4595 decapitatus
2092 4509 2258 4576 obit.
