3308 5200
167 1084 258 1132 del
281 1099 351 1132 on
374 1100 407 1134 a

166 1149 382 1200 mound.

170 1749 364 1799 Domus
383 1753 446 1801 in

169 1961 219 2008 A
239 1959 398 2011 house
413 1961 472 2010 in

169 2025 263 2075 the
278 2026 474 2076 citadel

171 2104 242 2138 on
261 2091 380 2141 four

174 2154 371 2218 pillars.

177 2352 316 2401 Pom
335 2353 398 2402 in

172 2562 278 2614 The
300 2563 425 2614 cita-

168 2629 256 2678 del
276 2630 322 2678 is

169 2695 350 2770 round,
365 2695 472 2744 and

31 2778 60 2798 ι
168 2774 215 2807 1s
235 2760 459 2811 reached

169 2824 244 2887 by
265 2840 298 2873 a

168 2889 366 2952 bridge‚

168 2955 384 3018 leading

168 3023 228 3069 to
247 3020 339 3069 the

169 3085 335 3135 castle

168 3150 350 3201 below.

1150 531 1646 589 nunnnunnsm.
1737 538 1945 588 mmm
1992 539 2040 588 1.

754 700 1069 786 Explicat
1099 701 1314 769 effuso
1340 703 1591 770 vertice
1619 703 1998 789 planitiem.

671 804 986 889 Explicat
1016 806 1337 891 exiguum
1367 807 1618 881 diffuso
1645 809 1896 875 vertice
1928 828 2261 893 campum,

757 909 976 990 Quem
1006 911 1173 975 satis
1206 914 1352 976 arte
1378 912 1650 996 placens
1681 917 1967 997 occupat
1998 913 2170 978 arcis
2203 934 2394 997 apeX.

671 1012 815 1076 Arx
844 1015 919 1078 in
948 1035 1027 1080 eo
1057 1014 1295 1100 regina
1324 1015 1562 1081 sedens
1595 1015 1861 1082 sullime
1892 1016 2212 1095 minatur,

758 1116 1084 1201 Quodque
1112 1118 1297 1184 videt
1324 1122 1546 1183 totum
1574 1119 1840 1204 judicat
1869 1140 2013 1186 esse
2045 1140 2263 1183 suum.

672 1220 911 1285 Murus
942 1225 1012 1287 et
1041 1244 1083 1287 a
1111 1226 1312 1307 porta
1339 1222 1604 1288 tumulo
1636 1227 1957 1308 surgente
1988 1244 2254 1290 severus

761 1326 1019 1411 Surgit,
1050 1330 1120 1392 et
1149 1348 1516 1412 exsurgens
1549 1329 1723 1393 arcis
1754 1351 2012 1393 amaena
2039 1328 2234 1413 petit.

671 1429 815 1494 Arx
845 1435 1073 1497 autem
1100 1434 1336 1497 tenues
1369 1431 1707 1498 condensa
1733 1432 2032 1517 resurgit
2061 1433 2135 1496 in
2165 1452 2386 1510 auras,

757 1534 956 1599 Intus
989 1534 1127 1601 sive
1155 1535 1326 1599 foris
1355 1535 1558 1600 fortis
1589 1539 1659 1602 et
1690 1540 1854 1621 apta
1883 1536 2074 1601 satis,

671 1639 868 1705 Intus
900 1639 1081 1706 enim
1110 1641 1355 1706 cubitis
1384 1640 1603 1705 tribus
1636 1641 1842 1706 altius
1874 1663 2032 1707 area
2060 1641 2300 1726 surgit,

757 1744 939 1810 Area
967 1744 1050 1811 de
1082 1744 1299 1809 solida
1323 1745 1515 1810 facta
1543 1745 1762 1811 fidelis
1793 1745 2022 1810 humo·

671 1847 978 1933 Desuper
1005 1848 1181 1913 hanc
1214 1848 1506 1914 solidata
1534 1849 1774 1913 domus
1807 1848 2158 1915 sublimior
2188 1870 2338 1914 arce

757 1952 1031 2018 Eminet
1059 1952 1315 2037 insigni
1342 1956 1494 2018 tota
1522 1953 1760 2019 decore
1789 1953 2039 2019 nitens.

673 2054 993 2121 Postibus
1021 2057 1229 2121 inniti
1256 2057 1362 2121 bis
1394 2057 1694 2123 cernitur
1721 2057 1874 2141 ipsa
1902 2058 2187 2137 duobus,

759 2159 1034 2226 Postem
1063 2161 1309 2245 quippe
1337 2163 1578 2244 potens
1610 2160 1902 2246 angulus
1933 2161 2150 2225 omnis
2180 2160 2407 2226 habet.

674 2263 990 2349 Cingitur
1020 2268 1088 2330 et
1116 2264 1399 2349 pulchra
1426 2264 1647 2348 paries
1682 2265 1812 2330 sibi
1843 2265 2125 2348 quilibet
2156 2265 2284 2344 ala,

763 2367 999 2434 Omnis
1030 2372 1098 2435 et
1127 2368 1202 2431 in
1228 2390 1422 2433 muro
1452 2368 1704 2435 desinit
1735 2369 1844 2434 ala
1869 2370 2039 2435 fero·

679 2472 773 2536 At
801 2492 973 2557 pons
1005 2493 1349 2557 emergens
1379 2471 1467 2536 ad
1493 2471 2001 2557 propugnacula
2026 2475 2373 2556 promptos

755 2576 847 2641 Et
878 2576 1111 2642 scandi
1139 2576 1378 2643 faciles
1407 2575 1663 2661 praebet
1692 2576 1779 2642 ab
1810 2576 1948 2643 aede
1980 2576 2253 2661 gradus.

670 2681 970 2766 Cumque
999 2680 1269 2748 venitur
1296 2703 1376 2747 eo
1405 2681 1518 2745 via
1544 2680 1690 2746 lata
1717 2682 2068 2747 cacumina
2096 2682 2275 2745 muri

756 2786 1014 2865 Ambit,
1047 2790 1117 2852 et
1147 2785 1320 2851 arcis
1351 2785 1453 2849 ita
1483 2806 1658 2869 saepe
1686 2789 1952 2851 meatur
1982 2807 2174 2870 apex·

669 2890 813 2954 Arx
841 2911 997 2957 vero
1024 2891 1317 2955 formam
1343 2889 1707 2973 praetendit
1736 2910 1996 2954 amaena
2022 2888 2407 2969 rotundam,

753 2995 945 3073 Arte,
977 2995 1219 3073 nitore,
1253 2997 1460 3073 statu,
1491 2993 1717 3074 fortis,
1752 3014 2029 3073 amaena,
2060 2992 2354 3078 placens.

667 3098 850 3164 Hinc
879 3098 954 3161 in
982 3098 1334 3164 castellum
1362 3117 1533 3181 pons
1566 3096 1876 3181 despicit,
1910 3101 2114 3181 atque
2143 3117 2452 3163 recursus

753 3202 910 3269 Huc
939 3206 1010 3269 et
1037 3224 1116 3269 eo
1143 3201 1380 3268 faciles
1410 3221 1581 3285 pons
1611 3201 1931 3267 adhibere
1964 3200 2177 3281 solet3

668 3308 929 3393 Largus
960 3308 1140 3373 enim
1169 3305 1491 3391 gradibus
1524 3304 1862 3389 spatiatur
1888 3303 2137 3388 ubique
2166 3303 2471 3383 minutis,

753 3412 897 3478 Nec
928 3432 999 3477 se
1027 3410 1409 3495 praecipitat
1439 3408 1557 3475 sed
1587 3408 1823 3492 procul
1853 3405 1993 3473 ima
2020 3408 2217 3493 petit.

667 3516 763 3581 At
790 3536 998 3600 prope
1026 3534 1259 3578 murus
1290 3534 1445 3579 eum
1476 3512 1823 3579 descendit
1853 3512 1939 3577 ab
1969 3533 2119 3578 arce
2148 3511 2498 3578 reflectens

752 3620 841 3684 In
869 3619 1247 3703 Zephyrum
1274 3617 1522 3683 faciem
1550 3616 1805 3682 flumen
1835 3616 1922 3681 ad
1949 3637 2161 3700 usque
2192 3637 2405 3680 suam.

668 3724 882 3809 Cujus
915 3723 1000 3788 ab
1029 3721 1211 3787 aeria
1236 3720 1429 3805 largo
1460 3719 1840 3786 sinuamine
1867 3720 2021 3804 ripa

756 3830 843 3895 Se
871 3828 1169 3893 referens
1202 3845 1437 3890 arvum
1466 3824 1723 3909 grande
1751 3844 2067 3889 recurvus
2099 3823 2266 3889 obit.

668 3930 959 3997 Obditus
990 3932 1060 3995 et
1091 3929 1285 3995 siccis
1317 3927 1676 4012 Aquilonis
1706 3926 2007 3992 hiatibus
2040 3948 2260 3993 arcem

753 4036 1141 4119 Exsurgens
1171 4032 1418 4117 repetit
1446 4031 1650 4096 fortis
1680 4031 1929 4115 ubique
1958 4032 2197 4097 feram.

667 4138 810 4205 Nec
841 4137 1090 4204 sterilis
1119 4139 1316 4202 vacat
1345 4135 1491 4222 aede·
1514 4133 1703 4201 locus
1736 4155 1935 4219 quem
1965 4134 2246 4201 circinat
2276 4134 2400 4200 alti

753 4241 1071 4307 Ambitus
1099 4240 1213 4304 hic
1241 4238 1456 4318 muri3
1486 4241 1672 4305 tecta
1700 4238 1939 4304 decora
1963 4241 2174 4304 tenet.

670 4344 952 4412 Consita
979 4342 1354 4429 porticibus
1387 4343 1521 4407 duo
1552 4364 1803 4426 magna
1829 4341 2090 4426 palatia
2116 4342 2391 4426 praefert

756 4450 846 4513 In
876 4450 1118 4534 quibus
1148 4446 1441 4513 artifices
1473 4466 1581 4511 ars
1611 4445 1782 4511 satis
1811 4444 1962 4530 ipsa
1987 4446 2251 4530 probat.

670 4554 918 4640 Fulget
946 4556 1017 4621 et
1043 4551 1157 4618 hic
1186 4550 1365 4618 senis
1396 4548 1682 4616 suffulta
1710 4549 1966 4634 capella
1993 4549 2344 4631 columnis,

2609 522 2688 586 11

2767 783 2894 847 365

2767 1303 2895 1369 370

2767 1826 2895 1892 375

2766 2351 2893 2414 380

2766 2875 2894 2938 385

2765 3349 2892 3461 396

2764 3920 2891 3984 395

2759 4443 2888 4507 400
