3308 5200
1127 514 1480 567 mnenon
1524 516 1820 574 QUAEDAM
1865 519 2168 568 ronrtcA.
2667 500 2751 566 83

809 672 1018 754 Queis
1050 677 1271 740 armat
1300 675 1609 742 dextram
1635 674 1917 757 missile,
1946 695 2109 761 pero
2137 676 2400 761 pedem.

723 776 1040 843 Procedit
1067 799 1375 863 pannosa
1403 780 1667 859 cohors,
1699 778 2030 864 plenoque
2059 777 2402 844 minarum

811 879 1105 948 Gutture
1132 883 1530 967 magnificat
1560 903 1764 966 seque
1796 904 2123 967 suumque
2154 902 2391 969 genus.

721 984 938 1050 Nobis
969 985 1255 1052 debetur
1281 986 1515 1072 regio:
1563 986 1714 1071 quis
1746 987 1930 1053 enim
1958 991 2166 1073 neget
2189 988 2222 1052 i>
2268 1006 2432 1071 ergo

812 1088 1076 1154 Serviat
1104 1090 1449 1177 indigenis
1479 1090 1673 1178 regia
1698 1090 1874 1176 juris
1904 1112 2053 1177 ope.

721 1193 912 1258 Rura
938 1198 1213 1278 patrum
1242 1195 1466 1281 proles
1494 1195 1819 1280 petimus,
1850 1217 1967 1261 rus
1997 1196 2260 1263 advena
2286 1194 2444 1261 vilis

809 1297 1119 1379 Des'erat,
1151 1300 1221 1363 et
1249 1299 1493 1384 patriis
1521 1300 1737 1366 bobus
1769 1302 2002 1366 aretur
2031 1320 2215 1386 ager.

721 1401 972 1467 Exulet
999 1402 1162 1468 hinc
1191 1401 1370 1483 exul,
1399 1403 1648 1470 iterum
1681 1424 1802 1470 seu
1829 1403 2054 1470 Marte
2082 1404 2426 1490 probetur,

803 1506 919 1571 An
948 1507 1186 1573 deceat
1219 1507 1488 1573 Scottos
1521 1507 1791 1574 Scotica
1815 1512 2001 1574 terra
2030 1529 2210 1574 suos.

605 1633 612 1638 ·
718 1609 978 1696 Magna
1004 1610 1211 1675 minis
1242 1611 1592 1692 mandant,
1625 1611 1799 1679 belle
1827 1612 2043 1693 nihil;
2091 1632 2252 1698 ergo
2280 1614 2591 1678 movetur

763 1714 970 1814 (Rex,
1003 1717 1073 1780 et
1099 1713 1176 1777 in
1204 1713 1526 1780 hostilem
1554 1718 1894 1799 praeparat
1922 1736 2115 1780 arma
2141 1736 2445 1781 manum.

711 1815 922 1901 Regis
953 1817 1043 1881 ad
1071 1816 1384 1882 auditum
1412 1838 1664 1883 nomen
1695 1818 2085 1904 stupefacta
2113 1822 2385 1885 caterva

796 1919 1123 2006 Diffugit,
1154 1921 1540 2005 insequitur
1566 1922 1745 1988 hanc
1775 1922 2049 2008 galeata
2076 1943 2342 1989 manus.

595 2034 601 2040 ’
695 2022 814 2087 Fit
840 2023 1033 2109 lepus
1063 2025 1154 2090 ad
1179 2023 1338 2091 lites
1367 2025 1551 2106 belli,
1585 2027 1702 2111 qui
1731 2047 1893 2093 voce
1923 2026 2189 2094 leonem

798 2128 1188 2213 Expressit3
1236 2149 1525 2214 magnus
1554 2151 1923 2211 murmure,
1954 2131 2180 2198 Marte
2208 2130 2405 2196 nihil.

714 2232 1104 2312 Caeduntur,
1136 2232 1422 2319 caesique
1452 2234 1729 2314 cadunt,
1761 2234 2178 2319 moriturque
2211 2235 2576 2301 cadentum

796 2336 1046 2418 Turba,
1077 2339 1357 2404 ruinoso
1387 2339 1688 2419 turbine,
1721 2339 1933 2424 digna
1960 2339 2157 2405 mori.

715 2439 825 2506 Sic
852 2440 983 2507 tibi
1014 2444 1154 2507 stet
1181 2442 1381 2529 regni
1406 2442 1738 2529 regimen,
1768 2465 1886 2510 rex
1917 2443 2174 2529 optime
2203 2463 2445 2529 regum
2472 2444 2486 2509 !

797 2545 1091 2635 Tempus
1121 2546 1198 2612 in
1226 2550 1555 2614 aeternum
1587 2545 1680 2614 sit
1710 2548 1934 2614 status
1965 2546 2099 2614 iste
2129 2548 2374 2614 tenax!

991 2874 1087 2919 Ix.
1178 2873 1297 2919 1110
1343 2872 1698 2918 INCIPIUNT
1739 2871 1993 2918 VERSUS
2037 2872 2128 2917 DE
2175 2869 2466 2917 MELROS.

1069 3018 1248 3103 [MS.
1282 3017 1685 3098 Christiana,
1719 3017 1993 3098 cccxliv,
2007 3017 2074 3102 f.
2108 3015 2192 3081 37
2200 3017 2249 3101 .]

709 3173 845 3239 Vix
875 3174 1048 3241 solet
1077 3194 1224 3241 esse
1254 3173 1480 3260 gravis
1510 3195 1643 3254 res,
1675 3194 1881 3258 quam
1907 3171 2075 3239 levis
2106 3171 2323 3238 edidit
2353 3174 2612 3253 auctor,

795 3277 1037 3344 Annus
1067 3277 1252 3345 enim
1275 3276 1515 3344 titulos
1545 3278 1892 3364 impetrat,
1925 3297 2167 3361 arsque
2197 3275 2376 3342 silet.

710 3381 995 3476 Barbari
1025 3405 1358 3469 cuperem,
1392 3404 1546 3448 cum
1578 3383 1671 3447 sit
1699 3381 2080 3448 reverentia
2107 3381 2376 3461 barbae3

678 3551 693 3560 ,
800 3485 934 3553 Sed
960 3485 1138 3571 pilus
1168 3486 1245 3550 in
1271 3489 1504 3552 mento
1535 3484 1700 3569 quid
1731 3484 1877 3550 sine
1905 3487 2133 3550 mente
2165 3485 2198 3549 i>
2243 3483 2441 3548 nihil.

713 3590 899 3657 Scire
931 3592 1203 3677 quidem
1229 3612 1368 3656 non
1399 3589 1622 3674 prima
1649 3592 1931 3674 negant,
1965 3608 2105 3652 non
2133 3587 2382 3653 ultima
2409 3588 2669 3654 donant

795 3694 1147 3779 Tempora,
1181 3694 1301 3761 sed
1331 3714 1570 3760 sensus
1599 3696 1957 3778 promptus
1988 3694 2059 3757 et
2084 3695 2230 3757 arte
2259 3696 2526 3777 potens.

707 3798 920 3864 Ecce!
967 3818 1137 3883 puer
1166 3796 1426 3877 scribit,
1456 3798 1625 3863 bene
1645 3795 1755 3862 vel
1782 3795 1982 3877 male,
2013 3796 2273 3863 nescio:
2307 3795 2368 3861 si
2398 3798 2496 3862 810

794 3900 922 3968 Vel
953 3902 1012 3966 si
1043 3900 1141 3967 sic
1167 3901 1430 3980 recitet,
1461 3899 1707 3985 incipit
1735 3921 1880 3967 esse
1911 3921 2131 3968 suum.

708 4004 893 4068 Dum
918 4003 1142 4069 varios
1171 4003 1437 4070 trutino
1466 4024 1712 4084 mores,
1744 4003 2035 4090 duplicis
2065 4003 2240 4068 mihi
2268 4004 2427 4069 vitae

797 4105 1058 4173 Semita
1083 4127 1206 4192 per
1236 4105 1590 4193 speculum
1619 4106 2012 4192 mysteriale
2041 4109 2258 4191 patet.

709 4210 910 4275 Hanc
936 4210 1163 4296 typice
1194 4211 1498 4296 speciosa
1526 4208 1807 4289 Rachel,
1841 4210 1969 4274 Lia
1994 4209 2184 4294 lippa
2212 4210 2535 4296 figurant,
2664 4263 2667 4267 ,

795 4314 890 4379 Et
918 4313 1047 4378 Lia
1076 4313 1456 4379 succumbit
1484 4312 1903 4396 inferiorque
1933 4313 2168 4397 gemit.

712 4416 873 4483 Non
904 4416 1001 4484 sic
1030 4416 1463 4497 conveniunt,
1496 4416 1707 4481 simili
1734 4437 1860 4483 nec
1890 4437 2169 4483 munere
2200 4420 2488 4498 certant,

799 4519 943 4588 Nec
971 4519 1070 4586 sic
1097 4520 1508 4607 respondent
1535 4519 1682 4588 haec
1711 4519 1847 4587 duo
1875 4518 2069 4587 lance
2096 4519 2289 4608 pari!

2863 893 2948 958 30

2863 1415 2948 1480 35

2861 1938 2947 2001 40

2859 2457 2946 2522 45

2855 4126 2938 4191 10
