3308 5200
685 483 771 546 36
1428 502 1710 547 numm
1753 501 2122 546 nonnum

859 653 1077 719 Pallia
1110 657 1274 738 quot
1304 653 1503 719 sociis
1531 656 1641 717 tot
1670 653 1820 719 vela
1846 653 2059 733 fuere,
2091 651 2477 735 fretumque
2944 643 3082 709 145

944 757 1152 822 Exosi
1178 761 1414 844 portus
1444 758 1821 842 anticipare
1852 756 2152 822 student.

860 861 1162 947 Cumque
1192 862 1418 927 subire
1447 861 1615 926 ratis
1644 862 1847 947 pleno
1875 863 2076 946 putat
2106 859 2283 925 ostia
2310 859 2480 939 ve10,

948 966 1271 1051 Reppulit
1293 966 1367 1029 in
1394 987 1691 1051 puppem
1720 965 1922 1030 turbo
1953 985 2220 1030 severus
2252 984 2439 1044 eam3

859 1068 1133 1152 Nosque
1161 1069 1396 1133 furens
1419 1070 1764 1154 Zephyrus
1793 1067 2027 1155 procul
2049 1067 2193 1153 egit
2214 1068 2290 1131 in
2321 1087 2565 1151 aequor,
2598 1069 2669 1131 et
2689 1067 2873 1130 Euro

946 1172 1255 1252 Oertans,
1287 1194 1469 1237 nunc
1501 1176 1795 1257 superat,
1827 1193 2006 1238 nunc
2036 1174 2394 1257 superatur
2423 1191 2540 1251 eo;
2946 1169 3079 1232 150

857 1277 1110 1341 Auster
1139 1280 1210 1342 et
1238 1277 1314 1340 in
1342 1278 1650 1357 Boream,
1681 1278 2059 1360 Boreaeque
2088 1276 2384 1360 resurgit
2412 1276 2486 1338 in
2519 1275 2871 1355 Austrum,

944 1381 1162 1464 Vique
1186 1380 1317 1445 sibi
1343 1380 1532 1444 varia
1561 1385 1801 1444 mutua
1828 1380 2005 1445 bella
2035 1382 2304 1465 gerunt.

856 1482 1274 1548 Incumbunt
1300 1483 1461 1548 hinc
1489 1484 1650 1548 inde
1679 1483 1871 1564 mari,
1901 1484 2165 1568 totique
2195 1483 2524 1548 resistunt

945 1587 1252 1652 Flatibus
1282 1587 1578 1653 adversis
1611 1591 1815 1671 atque
1843 1587 2072 1652 furore
2103 1587 2254 1652 sibi.

357 1686 665 1815 &nl-{oe}
863 1691 1007 1756 Nec
1037 1711 1261 1755 morat
1308 1691 1510 1755 turbo
1538 1713 1750 1777 rapax
1778 1713 2093 1775 percussa
2120 1712 2292 1756 nave
2320 1691 2640 1755 rudentes
2763 1699 2766 1702 '
2947 1693 3080 1756 155

653 1788 666 1804 '
947 1794 1202 1860 Avellit
1227 1794 1481 1860 laceros
1513 1797 1583 1860 et
1610 1798 1797 1859 rotat
1824 1816 2035 1879 usque
2063 1799 2319 1877 ratem3

858 1901 951 1964 Et
979 1899 1224 1964 misera
1251 1898 1472 1964 varios
1501 1899 1838 1984 vertigine
1869 1899 2052 1984 cogit
2081 1899 2155 1963 in
2184 1901 2399 1982 orbes,

943 1998 1315 2088 Frangitur
1342 2003 1455 2067 hic
1485 2002 1711 2068 clavus
1736 2029 1755 2083 3
1801 2003 1948 2067 vela
1979 2024 2291 2088 suprema
2318 2008 2586 2090 petunt,

853 2107 1079 2191 Atque
1110 2106 1602 2191 supervolitant
1633 2106 1879 2170 summi
1906 2106 2195 2191 fastigia
2229 2109 2414 2190 mali,

939 2210 1293 2294 Multaque
1324 2229 1448 2274 nos
1477 2210 1760 2274 miseros
1790 2211 2030 2276 mortis
2060 2211 2286 2297 imago
2314 2216 2528 2278 tenet.
2948 2215 3079 2278 160

853 2312 1204 2377 Fluctibus
1236 2312 1557 2397 aequoreis
1587 2334 1772 2378 nunc
1800 2313 2023 2377 fertur
2050 2315 2141 2379 ad
2168 2315 2422 2380 aethera
2450 2318 2664 2399 navis,

938 2417 1141 2480 Nunc
1170 2415 1244 2478 in
1274 2415 1675 2481 Tartareum
1703 2417 2038 2501 mergitur
2066 2440 2247 2503 aegra
2277 2419 2501 2483 sinum
2524 2447 2542 2501 3

854 2520 1070 2604 Inque
1103 2518 1317 2583 vicem
1345 2521 1656 2583 mutatur
1683 2520 1875 2604 aquis
1906 2526 2035 2603 tier,
2076 2525 2144 2586 et
2174 2523 2262 2587 ab
2290 2522 2443 2589 imis

939 2625 1156 2688 Eruta
1186 2644 1369 2687 more
1398 2643 1572 2687 novo
1600 2623 1821 2688 fervet
1852 2645 2059 2689 arena
2086 2627 2300 2692 vadis.

853 2727 1022 2793 Vela
1053 2727 1327 2808 cadunt,
1359 2728 1665 2790 antenna
1692 2727 1900 2810 labat,
1932 2729 2314 2813 malumque
2343 2731 2631 2815 fatiscit,
2950 2740 3080 2803 165

939 2831 1106 2895 Haec
1136 2832 1208 2894 et
1229 2830 1304 2893 in
1335 2850 1675 2913 aequoreas
1705 2830 1896 2916 lapsa
1924 2832 2243 2897 feruntur
2281 2856 2512 2918 aquas.

856 2935 1001 2999 Nec
1032 2932 1202 2998 satis
1232 2933 1400 2998 hocs
1449 2955 1586 2999 nox
1616 2937 1769 2998 atra
1798 2935 2056 3000 fretum
2086 2938 2452 3022 caelumque
2482 2942 2812 3025 recondit,

943 3037 1087 3101 Nec
1121 3035 1365 3119 quibus
1397 3037 1750 3101 obruimur
1777 3059 1965 3123 paene
1994 3038 2297 3106 videmus
2327 3064 2573 3126 aquas:

857 3140 1203 3206 Grandine
1232 3142 1556 3223 praeterea
1585 3141 2103 3223 consternimur,
2132 3143 2347 3209 imbre
2374 3147 2742 3230 mademus,

943 3242 1294 3308 Fluctibus
1326 3242 1739 3327 impetimur,
1770 3245 1987 3310 multa
2016 3248 2309 3331 procella
2336 3249 2532 3314 furit.
2951 3259 3079 3325 170

859 3346 1239 3412 Concordes
1269 3345 1531 3430 rupisse
1560 3350 1760 3430 putes
1791 3348 2129 3414 elementa
2160 3355 2455 3433 catenas,

945 3450 1113 3514 Haec
1142 3451 1213 3513 et
1241 3448 1317 3512 in
1348 3449 1707 3532 antiquum
1739 3455 1981 3534 sponte
2011 3454 2263 3519 redisse
2295 3457 2519 3524 chaos.

855 3553 988 3617 Ars
1017 3550 1195 3637 perit
1225 3551 1498 3636 aurigae,
1530 3552 1763 3617 nautis
1793 3553 2004 3638 vigor,
2038 3558 2267 3623 omnia
2294 3561 2473 3641 navi,

946 3656 1113 3742 Spes
1142 3655 1357 3735 nobis,
1391 3676 1516 3720 nec
1546 3656 1730 3720 enim
1760 3679 1891 3741 qua
1918 3659 2297 3726 frueremur
2325 3667 2493 3729 erat.

858 3761 1043 3824 Mors
1074 3758 1330 3824 etenim
1347 3759 1558 3839 venti,
1590 3780 1771 3825 mors
1803 3783 2090 3845 aequora,
2122 3786 2302 3830 mors
2332 3767 2430 3832 ibi
2460 3770 2740 3853 grand0,
2947 3782 3074 3846 175

944 3863 1129 3927 Mors
1160 3883 1357 3945 aqua,
1389 3883 1568 3927 mors
1598 3863 1843 3948 frigus,
1867 3886 2047 3931 mors
2075 3867 2226 3934 fera
2253 3870 2457 3935 turbo
2484 3871 2643 3938 fuit.

862 3968 974 4033 Sic
1001 3966 1121 4031 ubi
1150 3986 1273 4030 nos
1305 3964 1452 4030 sine
1482 3970 1700 4032 morte
1730 3969 1900 4032 mori
1931 3972 2037 4033 tot
2065 3971 2217 4037 fata
2258 3979 2652 4060 perurgent,

946 4070 1168 4134 Triste
1196 4069 1489 4153 procella
1516 4070 1755 4135 furens
1783 4093 1972 4157 paene
2001 4076 2266 4160 peregit
2297 4098 2485 4163 opus.

356 4170 471 4285 ἓξὲξ
487 4170 666 4286 ἒξὶιὲἱδ
860 4175 1040 4239 Nam
1071 4172 1239 4237 satis
1269 4172 1679 4238 horrendum
1709 4175 2003 4242 stridens
2034 4177 2367 4261 Aquilone
2396 4183 2678 4250 revulsit

353 4300 493 4351 rock.
946 4278 1034 4340 In
1064 4275 1410 4361 scopulum
1437 4275 1750 4358 laceram,
1780 4279 1927 4363 jam
1956 4280 2102 4346 sine
2129 4305 2376 4369 puppe,
2405 4291 2645 4354 ratem.
2952 4304 3074 4367 180

359 4381 493 4458 How
516 4382 607 4434 the
857 4381 1026 4445 Pars
1057 4381 1367 4443 nostrum
1394 4378 1670 4460 tabulis,
1700 4402 1858 4464 pars
1886 4381 2097 4448 haeret
2123 4385 2418 4469 plurima
2444 4393 2789 4477 transtris,

352 4447 551 4578 ἓξὲξ,
943 4481 1261 4553 Oratibus
1291 4480 1425 4569 hic,
1457 4482 1661 4550 remis
1692 4484 1947 4556 insidet
1976 4486 2089 4555 ille
2120 4489 2280 4560 suis.
