3308 5200
353 731 400 780 A
423 731 576 781 small

353 797 542 860 chapel

353 863 484 910 with
506 862 588 911 six

351 927 600 977 columne.

357 1056 639 1106 Chambers

353 1121 410 1170 of
441 1121 514 1169 all

355 1186 528 1236 kinds,

355 1653 402 1702 A
423 1655 592 1703 court-

357 1719 488 1782 yard
509 1717 640 1767 with

356 1800 403 1899 {tt
411 1783 532 1833 well
552 1784 609 1832 in

358 2270 465 2319 The
475 2268 660 2318 author

358 2335 541 2384 served

360 2400 545 2463 bishop

361 2465 613 2529 Geoffrey.

360 2799 433 2846 At
452 2796 535 2846 his

360 2862 535 2923 death,

363 2927 552 2977 Cumin

361 3007 534 3042 comes
556 2996 613 3042 at

360 3058 454 3107 the
470 3059 638 3108 desire

359 3124 415 3172 of
435 3124 526 3172 the

365 3188 588 3239 Scottish

360 3253 506 3316 king.

367 3383 550 3432 Cumin

366 3448 603 3512 occupies

364 3513 456 3561 the
486 3513 662 3576 casffle,

365 3577 472 3627 and
495 3578 587 3627 the

366 3643 557 3692 author

363 3709 535 3758 leaves
555 3708 615 3759 it.

368 4247 415 4296 A
437 4246 601 4295 draw-

367 4313 550 4374 bridge

368 4392 491 4427 over
511 4376 603 4426 the

366 4442 511 4491 ditch
534 4444 592 4491 at

368 4508 459 4556 the
479 4506 633 4557 south

683 520 766 596 12

1428 549 1708 596 DIALOGI
1752 542 2121 594 LAUREN'DH

935 706 1093 772 Non
1121 704 1423 791 spatiosa
1448 705 1677 785 nimiS,
1710 704 1827 770 sed
1855 702 2156 788 speciosa
2184 698 2374 765 satis.

848 809 983 875 Hic
1011 809 1298 875 thalami
1325 808 1646 874 thalamis
1679 807 2044 886 sociantur,
2076 808 2146 872 et
2175 803 2427 869 aedibus
2459 802 2653 880 aedes,

933 913 1027 976 Et
1056 914 1259 979 datur
1286 913 1502 980 officio
1534 911 1847 997 quaelibet
1875 914 2038 996 apta
2066 928 2208 974 su0.

848 1016 984 1082 Hic
1012 1021 1251 1097 vestes,
1283 1015 1381 1082 ibi
1408 1038 1571 1082 vasa
1597 1016 1845 1095 nitent,
1874 1015 1987 1079 hic
2019 1035 2207 1078 arma
2236 1013 2611 1089 coruscant,

934 1119 1070 1185 Hic
1099 1142 1233 1185 aera
1267 1121 1404 1204 (sic)
1438 1118 1678 1200 latent,
1709 1119 1821 1184 hic
1852 1139 2030 1197 carc,
2060 1116 2257 1202 panis
2287 1114 2405 1180 ibi.

849 1222 985 1288 Hic
1013 1224 1269 1309 frugeS‚
1301 1223 1398 1289 ibi
1425 1223 1586 1288 vina
1611 1223 1864 1308 jacent,
1896 1221 2010 1286 hic
2038 1224 2242 1306 potus
2273 1241 2523 1298 avenae,

935 1327 1070 1392 Hic
1101 1331 1170 1394 et
1197 1328 1405 1394 habet
1432 1327 1775 1412 propriam
1802 1325 2058 1391 munda
2083 1323 2313 1389 farina
2341 1323 2636 1387 domum.

849 1430 1151 1515 Cumque
1198 1431 1295 1496 sic
1343 1432 1505 1496 hinc
1547 1432 1787 1495 domus
1834 1433 2036 1513 atque
2075 1430 2312 1493 domus
2358 1427 2763 1513 jungantur,
2801 1425 2871 1489 et

936 1534 1244 1615 AE'dibus,
1277 1535 1434 1601 inde
1462 1537 1697 1601 tamen
1724 1556 1880 1619 pars
1910 1534 2006 1599 ibi
2034 1533 2226 1599 nulla
2252 1536 2469 1598 vacat.
2666 1529 2870 1614 [aedes
2943 1517 3084 1582 410

851 1637 1131 1704 Castelli
1162 1639 1459 1706 medium
1487 1642 1686 1704 vacat
1716 1639 1876 1718 aede,
1910 1639 2026 1705 sed
2057 1636 2330 1704 exhibet
2360 1635 2578 1701 altum

936 1742 1064 1808 Ille
1091 1742 1278 1808 locus
1308 1747 1591 1827 puteum
1630 1740 2024 1808 sufficientis
2055 1763 2264 1825 aquae.

854 1845 1141 1931 Singula
1191 1846 1354 1931 quid
1410 1868 1773 1913 memorem
1795 1850 1828 1912 ‘z‘
1895 1845 2097 1912 decus
2149 1867 2346 1910 omne
2399 1843 2577 1928 quod
2601 1840 2874 1926 ‚oppida
2967 1865 2972 1869 ·

940 1949 1015 2014 Si
1042 1951 1210 2017 bene
1238 1972 1380 2017 rem
1409 1954 1690 2034 spectes,
1721 1950 1835 2016 hic
1862 1949 2151 2035 reperire
2178 1951 2393 2034 potes.
2534 1948 2872 2031 [poscunt‚

851 2052 910 2118 Ο
942 2054 1253 2137 quotiens
1284 2054 1381 2120 ibi
1408 2055 1628 2120 multa
1656 2054 1845 2121 dedi!
1905 2055 2218 2139 quotiens
2247 2052 2343 2118 ibi
2371 2050 2586 2138 jussi!

937 2157 1029 2223 Et
1060 2157 1370 2242 quotiens
1400 2160 1609 2225 habui
1638 2160 1991 2225 commoda
2019 2163 2217 2244 grata
2244 2155 2455 2220 mihi!

854 2261 1036 2342 Quid
1062 2265 1368 2346 poteram
1397 2263 1409 2326 !
1461 2284 1664 2346 quam
1693 2262 1875 2329 dives
1906 2284 2088 2329 eram
2116 2263 2128 2326 !
2181 2261 2343 2346 quid
2364 2258 2639 2324 honoris
2671 2258 2873 2323 habe-

941 2365 1076 2446 Qui
1107 2366 1231 2430 sub
1260 2366 1594 2432 Craufrido
1623 2366 1906 2450 praesule
1935 2365 2181 2450 praesul
2211 2365 2429 2432 eram!
2690 2363 2874 2447 [bam
2991 2386 2998 2392 ·

857 2467 1073 2554 Cujus
1103 2470 1177 2533 in
1205 2470 1601 2554 obsequium
1632 2475 1942 2555 sumptus
1975 2492 2099 2535 sua
2125 2467 2501 2554 pontificali

942 2573 1239 2641 Dextera
1266 2574 1571 2660 pontifici
1609 2576 1852 2660 saepius
1882 2575 2025 2659 ipse
2053 2575 2181 2640 fui.
2944 2565 3082 2629 420

858 2680 954 2746 Ut
982 2682 1214 2746 tamen
1244 2702 1280 2746 e
1309 2680 1531 2746 medio
1560 2702 1842 2764 rapuere
1874 2701 2103 2747 severa
2132 2680 2499 2764 benignum

944 2783 1117 2849 Fata
1145 2784 1386 2864 virum,
1418 2784 1579 2849 ludo
1610 2784 1995 2850 sollicitudo
2027 2785 2230 2864 subit,

859 2889 1044 2952 Mors
1074 2888 1230 2952 vitae
1254 2913 1273 2968 3
1321 2889 1482 2952 dum
1508 2889 1751 2955 fraude
1783 2910 1908 2953 sua
1933 2890 2120 2955 ferus
2149 2888 2263 2955 ille
2294 2887 2621 2953 Cuminus

942 2992 1148 3057 Hunc
1178 2992 1342 3071 adit,
1373 2991 1639 3057 Albano
1668 3014 1826 3077 rege
1855 2992 2158 3078 juvante,
2189 2993 2431 3057 locum.

862 3096 995 3162 Sed
1022 3096 1197 3161 male
1225 3095 1447 3160 mollis
1479 3096 1541 3161 ei
1573 3095 1753 3179 quod
1780 3095 2028 3163 inertia
2056 3100 2293 3181 sponte
2320 3095 2619 3179 reliquit,

946 3199 1128 3280 Quid
1154 3199 1392 3282 loquor
1419 3198 1590 3264 illud
1619 3221 1774 3265 eum
1808 3200 1989 3284 regis
2020 3200 2240 3267 adisse
2269 3222 2477 3265 manu
2498 3202 2531 3265 ‘x'

859 3304 1012 3369 Hoc
1043 3302 1187 3369 sine
1217 3303 1393 3369 caede
1421 3303 1590 3383 fera,
1623 3303 1768 3369 sine
1796 3303 1885 3383 vi,
1919 3303 2062 3371 sine
2090 3304 2329 3384 milite,
2364 3308 2663 3371 castrum

945 3406 1244 3473 Clericus
1275 3406 1594 3487 obtinuit,
1625 3407 1694 3472 vi
1721 3410 1932 3487 tenet,
1963 3429 2176 3492 usque
2204 3407 2474 3493 premit.

859 3512 1010 3576 Ista
1036 3511 1271 3577 videns
1302 3510 1461 3590 abii,
1493 3510 1846 3594 vitansque
1874 3511 2127 3595 pericla
2154 3510 2426 3577 Cumini

947 3614 1318 3680 Castellum
1344 3613 1514 3699 liqui
1541 3616 1708 3679 tunc
1736 3616 1925 3699 pede,
1958 3637 2139 3697 voce,
2170 3618 2392 3683 modo.

861 3718 1153 3802 Corpore
1180 3738 1319 3781 non
1346 3717 1549 3783 libuit
1577 3718 1749 3782 mihi
1775 3722 1940 3785 tunc
1969 3720 2044 3783 in
2071 3724 2290 3788 morte
2320 3722 2589 3803 morari,

944 3821 1089 3887 Nec
1119 3842 1420 3887 sermone
1449 3843 1599 3887 meo
1628 3844 1810 3887 nunc
1837 3823 2030 3904 mihi,
2062 3826 2284 3906 Petre,
2315 3826 2503 3893 libet.

859 3923 1042 3990 Hinc
1072 3946 1218 4008 quae
1247 3925 1426 3991 forte
1454 3924 1611 4009 pedi
1637 3925 1800 4004 fuit,
1831 3927 1975 3992 haec
2005 3930 2096 3994 sit
2125 3934 2192 3997 et
2223 3931 2443 3997 exitus
2473 3931 2598 4012 ori,

947 4027 1337 4112 Respiciens
1365 4028 1669 4111 pluvium
1706 4034 1908 4114 porta
1935 4053 2162 4099 severa
2188 4035 2467 4100 Notum.

864 4133 1076 4199 Porta
1103 4134 1347 4216 potens
1377 4135 1446 4197 et
1475 4131 1653 4198 celsa
1681 4138 1941 4217 petens,
1972 4136 2325 4223 facilisque
2353 4140 2535 4206 tueri

950 4236 1075 4303 Vel
1106 4235 1274 4302 satis
1306 4233 1552 4320 exigua
1576 4236 1954 4305 femineave
1985 4262 2211 4306 manu,

864 4339 1095 4427 Hujus
1126 4340 1200 4404 in
1230 4360 1506 4424 egressu
1532 4360 1700 4424 pons
1732 4341 2081 4424 sternitur,
2127 4348 2195 4411 et
2224 4347 2537 4430 spatiosae

953 4442 1430 4528 Transpositus
1458 4443 1658 4508 fossae
1687 4445 1997 4511 tenditur
2023 4447 2178 4515 inde
2206 4452 2461 4534 procul.

865 4548 1195 4615 Tenditur
1223 4547 1297 4611 in
1327 4569 1640 4632 campum
1668 4570 1860 4614 muro
1889 4550 2071 4618 latus
2100 4554 2398 4640 undique
2426 4560 2678 4640 tutum,

2940 996 3082 1059 405

2942 2042 3086 2105 415

2949 3613 3083 3677 430

2953 4135 3088 4200 435

2946 3087 3081 3152 425
3192 3077 3198 3082 ⁹
