3308 5200
1228 551 1729 616 nmntmnuffls.
1817 520 2026 609 mima
2069 559 2147 609 11.
2686 530 2772 605 25

846 713 1342 801 Pendentisque
1366 717 1570 804 pedes
1600 718 1773 785 alter
1802 718 1888 783 ad
1916 716 2055 782 ima
2080 714 2297 783 trahit
2319 742 2340 797 3

759 817 911 884 Hac
940 821 1149 905 capiti
1176 842 1295 907 pes
1324 822 1500 889 mole
1530 822 1690 902 coit,
1732 844 1852 907 pes
1880 822 2103 890 tendit
2132 822 2220 887 ad
2248 821 2408 900 ima,

845 923 1092 989 Tendit
1121 926 1209 990 ad
1235 925 1375 991 ima
1404 930 1629 1012 caput,
1660 928 1857 1011 terga
1886 944 2177 1011 superna
2202 928 2467 1017 petunt.
2839 930 2967 994 330

762 1026 874 1092 Sic
902 1032 971 1094 et
999 1031 1447 1096 membrorum
1476 1051 1803 1116 compago
1835 1030 2058 1096 soluta
2083 1028 2368 1110 fatiscit,

843 1132 1058 1216 Inque
1086 1137 1342 1201 retecta
1367 1133 1538 1201 facit
1564 1135 1822 1201 viscera
1848 1133 2035 1208 funis
2065 1134 2216 1200 iter.

756 1234 966 1301 Funis
996 1238 1199 1304 edens
1228 1239 1498 1305 interna
1523 1237 1720 1324 petit,
1749 1238 2197 1321 miserumque
2225 1237 2546 1322 perurget

840 1340 1081 1409 Dicere
1111 1363 1256 1427 quae
1284 1341 1524 1423 nescit,
1557 1364 1678 1409 seu
1706 1342 1863 1409 dare
1894 1342 2072 1425 quod
2100 1361 2224 1408 nec
2251 1341 2479 1406 habet.
2515 1376 2520 1382 ·

756 1444 884 1510 Oui
910 1447 1016 1512 vel
1046 1450 1065 1482 ‘
1084 1469 1221 1513 non
1247 1446 1509 1526 habe0,’
1539 1447 1645 1513 vel
1677 1452 1697 1482 ‘
1717 1447 1936 1513 dicere
1963 1446 2189 1513 nescio
2221 1444 2479 1524 multa,’
2838 1452 2963 1515 335

839 1551 965 1615 Est
995 1550 1245 1617 dixisse
1277 1551 1428 1631 sibi,
1463 1556 1482 1587 ‘
1506 1554 1723 1615 morte
1752 1551 1970 1636 perire
1999 1549 2197 1615 volo)

756 1654 869 1720 Sic
896 1654 1196 1739 juvenes,
1229 1654 1325 1719 sic
1356 1676 1529 1740 saepe
1559 1674 1776 1734 senes,
1814 1654 1910 1719 sic
1939 1657 2008 1720 et
2035 1653 2350 1719 mulieres

838 1759 928 1824 Et
956 1759 1149 1844 pueri
1176 1762 1480 1843 pereunt.
1568 1759 1696 1823 Est
1725 1757 1910 1823 aliud
1939 1757 2117 1841 quod
2147 1760 2396 1842 agunt:

359 1937 371 1949 ,
751 1861 1086 1929 Dentibus
1113 1863 1523 1928 horrendum
1551 1862 1771 1929 rabies
1806 1861 1981 1926 furit
2010 1861 2218 1929 effera
2242 1860 2507 1946 lignum

138 1952 143 1959 ’
250 1937 450 2054 ἓξὲξ
465 1939 522 1989 of
835 1967 1032 2048 Quod
1062 1967 1256 2056 quasi
1287 1988 1470 2033 serra
1500 1987 1734 2032 secans
1766 1965 1995 2033 crebro
2026 1986 2260 2031 cruore
2288 1965 2539 2031 madet.
2833 1973 2961 2038 340

248 2070 422 2122 wood.
746 2069 988 2136 Nervis
1018 2092 1304 2154 namque
1331 2070 1558 2156 pedes,
1590 2074 1660 2136 et
1689 2069 1911 2136 nervis
1938 2069 2218 2136 brachia
2244 2070 2505 2135 vinctos

830 2174 1139 2260 Desuper
1165 2175 1294 2241 hoc
1318 2175 1602 2240 miseros
1633 2173 1784 2238 dira
1812 2172 2077 2239 Oelaeno
2106 2173 2307 2239 locat.

744 2278 1010 2345 Dehinc
1037 2278 1253 2344 trahit
1283 2282 1352 2344 et
1379 2277 1692 2357 retrahit,
1725 2277 1822 2342 sic
1851 2279 1921 2341 et
1949 2277 2227 2342 vesania
2252 2297 2547 2364 praeceps

827 2382 1121 2449 Exitiale
1152 2381 1365 2449 scelus
1393 2381 1622 2448 ludere
1653 2380 1847 2447 dulce
1875 2381 2098 2466 putat.

742 2486 831 2550 In
860 2491 1064 2572 caput
1093 2487 1278 2553 ecce!
1326 2485 1529 2571 pedes
1561 2484 1933 2552 conversim
1963 2505 2135 2569 saepe
2164 2487 2562 2566 recurrunt3
2828 2495 2954 2558 345

829 2590 980 2672 Quo
1006 2611 1148 2677 pes,
1183 2610 1335 2656 ecce
1362 2590 1376 2654 ἒ
1426 2593 1669 2675 caput3
1717 2610 1848 2674 quo
1880 2592 2104 2673 caput,
2135 2589 2321 2655 ecce!
2369 2589 2597 2675 pedes·

743 2695 935 2761 Sicut
961 2716 1251 2778 namque
1281 2716 1476 2759 suum
1504 2698 1745 2759 texens
1777 2693 1907 2758 sibi
1936 2691 2190 2759 missile
2217 2691 2457 2774 mittit,

824 2801 916 2864 Et
943 2798 1110 2865 laeva
1135 2798 1378 2882 recipit
1407 2797 1586 2881 quod
1617 2818 1742 2861 sua
1769 2797 2009 2861 dextra
2035 2795 2207 2881 jacit
2229 2821 2250 2876 3

738 2903 998 2968 Rursus
1028 2902 1101 2966 id
1131 2902 1218 2966 ad
1247 2902 1553 2966 dextram
1581 2899 1842 2966 revolat
1868 2899 2167 2985 jaciente
2198 2900 2497 2983 sinistra,

824 3007 950 3072 Est
979 3010 1049 3071 et
1077 3026 1258 3069 nunc
1285 3004 1441 3069 finis
1471 3004 1651 3087 quod
1680 3007 1886 3089 caput
1914 3007 2075 3068 ante
2101 3003 2262 3070 fuit.
2820 3016 2948 3084 350

740 3109 853 3175 Sic
879 3109 1060 3174 mala
1086 3108 1276 3196 plebs
1305 3106 1626 3173 miserum
1665 3106 1796 3173 sibi
1836 3108 2003 3173 fune
2032 3108 2365 3174 trahendo
2393 3107 2694 3175 vicissim

821 3213 1158 3280 Exhibet:
1205 3213 1410 3298 inque
1441 3214 1646 3298 caput
1677 3212 1861 3298 cogit
1889 3211 2124 3297 iniqua
2148 3212 2393 3299 pedes3

735 3317 952 3402 Inque
980 3317 1183 3403 pedes
1211 3316 1386 3382 facit
1415 3316 1512 3382 ire
1543 3321 1748 3402 caput
1771 3342 1789 3396 3
1838 3315 1956 3381 sed
1985 3318 2056 3380 et
2084 3314 2266 3381 inter
2296 3318 2633 3402 agendum

819 3420 1172 3486 Innumeri
1201 3421 1478 3485 miseros
1509 3418 1732 3485 dentis
1764 3439 2047 3485 acumen
2078 3421 2248 3485 arat.

737 3525 849 3591 Sic
875 3525 993 3590 ubi
1022 3524 1390 3609 depereunt
1417 3523 1599 3589 color
1627 3527 1698 3588 et
1726 3522 1900 3588 cutis
1932 3527 2002 3588 et
2031 3544 2207 3604 car0,
2236 3524 2466 3609 pulsat
2815 3538 2942 3603 355

820 3630 1117 3709 Viscera,
1151 3649 1272 3695 seu
1296 3629 1610 3713 penetrat
1638 3626 1863 3691 dentis
1883 3648 2114 3692 amam
2139 3627 2285 3692 lues
2305 3653 2325 3708 3

731 3733 1067 3799 Dentibus
1096 3732 1205 3798 his
1237 3752 1391 3798 caro
1417 3733 1570 3797 tota
1594 3730 1798 3816 perit,
1826 3729 2005 3815 perit
2035 3752 2077 3796 a
2102 3731 2271 3816 pede
2299 3732 2542 3813 forma,

816 3838 909 3902 Et
936 3835 1147 3902 facies
1175 3834 1470 3901 hominis
1498 3854 1775 3919 prorsus
1806 3834 2104 3917 adusque
2135 3839 2359 3920 caput.

730 3939 1046 4025 Turpiter
1072 3938 1262 4004 alvus
1289 3938 1464 4018 hiat,
1493 3938 1785 4004 laterum
1817 3936 1999 4003 latus
2028 3939 2267 4004 horror
2294 3940 2583 4022 oberrat,

816 4045 1044 4131 Plagae
1072 4049 1267 4130 terga
1292 4043 1577 4128 replent,
1621 4064 1779 4109 ossa
1804 4046 2062 4109 retecta
2087 4046 2348 4128 patent.
2810 4058 2937 4126 360

730 4147 1008 4216 Viscera
1032 4148 1444 4234 panduntur,
1477 4167 1674 4212 cruor
1702 4146 1955 4226 effluit3
2001 4147 2230 4213 omnia
2255 4151 2507 4215 mortes

815 4253 1122 4320 Membra
1145 4253 1381 4318 tenent
1408 4250 1630 4330 variae,
1665 4270 1905 4336 corpus
1936 4252 2005 4316 et
2033 4271 2229 4317 omne
2257 4252 2456 4336 perit.

730 4356 988 4424 Caetera
1014 4357 1176 4421 dum
1203 4355 1444 4435 recolo,
1475 4354 1668 4435 mihi,
1698 4353 1920 4434 Petre,
1954 4354 2225 4420 silentia
2253 4356 2492 4422 suadet

813 4461 1094 4540 Horror,
1124 4464 1195 4527 et
1220 4458 1480 4525 insoliti
1509 4479 1685 4523 saeva
1710 4458 2005 4543 procella
2031 4458 2214 4524 mali.

556 4564 637 4633 P.
722 4566 989 4654 Ergone
1017 4565 1169 4651 plus
1198 4563 1455 4650 aliquid
1480 4562 1630 4633 fera
1659 4583 1826 4648 gens
1854 4561 2049 4643 facit,
2080 4565 2281 4649 atque
2308 4563 2543 4630 relatis
2803 4578 2932 4647 365
