3308 5200
186 813 292 863 Kin
297 828 333 877 g
364 813 456 865 Os·

186 880 344 929 wald.

189 1371 263 1420 St.
287 1370 393 1420 Ed-

187 1436 371 1486 mund.

193 2303 392 2353 Behold

188 2368 280 2418 the
306 2367 459 2434 Saint

192 2434 277 2496 (in
288 2433 372 2481 his

190 2498 408 2561 shrine).

190 2838 274 2888 He
296 2851 491 2887 wasan

190 2903 432 2966 example

189 2971 248 3018 to
270 2968 358 3017 all.

197 3649 296 3700 His
309 3649 408 3698 lise
530 3611 536 3616 ¹

195 3717 302 3765 and
318 3715 439 3765 eha-

194 3784 380 3831 racter.
410 3838 413 3843 ¹

1153 558 1522 606 munuum
1567 559 2064 607 ntmnnunuffls.
2615 537 2699 603 69

687 710 924 776 Insula
952 711 1359 798 martyribus
1388 731 1529 777 non
1557 711 1812 794 exulat,
1842 711 2068 779 insula
2094 711 2286 794 felix,
2853 707 2894 773 5

772 814 963 880 Felix
992 814 1299 881 Oswaldo
1328 818 1644 902 martyre,
1676 837 1835 902 rege
1864 837 2008 899 su0‚

686 919 941 984 Dootor
968 940 1258 1003 namque
1288 920 1441 1000 fide,
1473 940 1594 985 rex
1620 919 1793 1006 lege,
1828 939 2192 1005 cruoreque
2222 922 2502 1006 martyr,

771 1022 961 1088 Felix
988 1023 1317 1108 provexit,
1348 1025 1547 1104 rexit,
1580 1025 1870 1089 adornat
1902 1046 2072 1089 eam.

686 1126 913 1211 thue
944 1147 1174 1193 eruore
1204 1148 1325 1192 suo
1357 1127 1586 1193 Gallos
1617 1127 1986 1214 Dionysius
2017 1132 2238 1210 ornat,

772 1230 1037 1296 Graeeos
1069 1232 1477 1313 Demetrius,
1511 1232 1726 1318 gloria
1755 1233 2036 1318 quisque
2066 1233 2206 1299 suis
2231 1260 2250 1314 3
2810 1230 2896 1296 10

691 1335 802 1400 Sic
831 1357 954 1401 nos
984 1336 1447 1418 Eadmundus‚
1480 1336 1653 1401 nulli
1681 1336 1937 1402 virtute
1967 1338 2323 1419 secundus,

773 1439 945 1520 Lux,
975 1442 1192 1526 pater,
1224 1443 1294 1505 et
1321 1440 1558 1525 patriae
1590 1440 1806 1527 gloria
1834 1461 2084 1527 magna
2113 1463 2286 1506 suae:

688 1544 967 1630 Sceptra
996 1565 1293 1625 manum,
1323 1545 1634 1609 diadema
1663 1548 1889 1630 eaput,
1922 1567 2044 1610 sua
2071 1567 2369 1631 purpura
2396 1564 2636 1630 corpus

771 1647 991 1714 Ornat
1019 1648 1105 1729 ei,
1138 1649 1256 1713 sed
1283 1647 1437 1736 plus
1466 1648 1761 1731 vincula,
1790 1670 2046 1730 muer0‚
2079 1669 2294 1715 eruor.

1103 2006 1360 2052 11.—DE
1407 2005 1652 2052 SANOTO
1696 2006 2111 2052 OUTHBERTO.

689 2183 828 2248 Con
838 2185 1017 2269 spice
1047 2185 1521 2265 Cuthbertum,
1555 2184 1827 2270 gemino
1858 2206 1971 2250 oor
1999 2205 2226 2250 amore
2255 2183 2608 2266 refertum,

772 2288 1015 2353 Tincta
1043 2289 1151 2354 bis
1180 2293 1286 2354 est
1312 2289 1476 2354 bino
1504 2289 1712 2354 vestis
1741 2309 1965 2355 amore
1993 2289 2257 2370 minor3

688 2392 812 2457 Vir
842 2413 1030 2458 sacer
1059 2415 1101 2458 a
1127 2413 1378 2477 puero:
1413 2415 1557 2478 quae
1587 2414 1890 2477 purpura
1916 2394 1929 2457 !
1980 2393 2176 2477 quale
2208 2394 2300 2457 sit
2323 2415 2565 2458 aurum
2594 2394 2607 2458 !

777 2495 1089 2577 Quantus
1108 2496 1182 2560 in
1212 2496 1494 2562 eeclesia
1512 2496 1828 2582 splendor
1849 2496 2098 2580 ubique
2126 2500 2320 2582 patet
2341 2498 2354 2561 !

690 2602 896 2667 Hune
923 2623 1208 2687 puerum
1236 2600 1449 2687 pueri,
1479 2602 1798 2688 juvenem
1825 2602 2105 2687 juvenes
2136 2600 2416 2683 imitari,
2862 2603 2904 2669 5

774 2707 867 2770 Et
893 2707 1141 2771 laicum
1167 2705 1327 2771 laici
1354 2709 1601 2786 mente,
1635 2726 1972 2789 manuque
2000 2704 2237 2770 velint.

689 2811 825 2876 Hie
853 2812 1223 2875 monachus
1255 2810 1637 2890 monachos,
1669 2809 1781 2875 hie
1810 2809 2063 2875 clerum
2092 2809 2370 2876 clericus
2401 2817 2622 2891 ornat,

774 2914 907 2979 Hie
932 2913 1136 2981 eremi
1167 2914 1342 2979 cives
1364 2914 1478 3001 jus
1510 2913 1792 2978 eremita
1823 2913 2019 2979 docet
2033 2962 2047 2978 .

687 3018 1013 3103 Quodque
1044 3038 1328 3102 sequens
1363 3020 1720 3083 veneretur
1760 3012 1950 3102 opus,
1983 3038 2438 3101 veneransque
2469 3040 2704 3104 sequa-

775 3123 1012 3190 Omnis
1039 3121 1115 3187 in
1144 3122 1273 3186 hoo
1303 3142 1492 3186 sacro
1520 3122 1802 3207 praesule
1830 3121 2075 3206 praesul
2102 3122 2331 3188 habet.
2540 3124 2704 3208 [tur,
2820 3126 2903 3190 10

688 3227 871 3293 Huic
901 3247 1015 3293 eor
1042 3226 1436 3292 dissuadens
1466 3245 1675 3310 puero
1703 3225 1959 3310 puerile
1988 3224 2275 3290 triennis

775 3330 1097 3397 Praeoinit
1127 3329 1400 3396 octenni
1431 3329 1645 3393 multa
1674 3329 2009 3415 propheta
2034 3349 2222 3413 puer.

690 3436 993 3523 Angelus
1021 3438 1205 3502 huno
1232 3437 1551 3524 juvenem
1579 3438 1801 3516 sanat,
1832 3435 1994 3499 dum
2022 3434 2309 3520 pervigil
2337 3440 2510 3518 orat,

777 3541 997 3607 Nocte
1024 3540 1210 3606 videt
1236 3539 1450 3605 laicus
1481 3538 1780 3604 claustra
1804 3541 2041 3623 patere
2069 3538 2228 3623 poli.

691 3644 826 3711 Hie
854 3645 1262 3711 monachum
1288 3643 1613 3728 profitens
1642 3642 1882 3727 implet
1912 3664 2113 3726 quam
2142 3642 2420 3709 clericus
2450 3644 2619 3710 arsit
2821 3647 2906 3730 15

779 3750 1047 3815 Sortem
1075 3747 1512 3827 cuthbertus,
1545 3767 1689 3811 sors
1718 3745 1858 3810 fuit
1886 3745 2043 3832 Ipse
2073 3746 2278 3813 Deus.

694 3852 951 3918 Mentis
982 3852 1380 3917 continuam
1404 3849 1594 3916 fovet
1622 3849 1737 3914 hie
1768 3850 2055 3914 eremita
2084 3851 2308 3933 quiete
2319 3872 2403 3932 m,

777 3956 893 4020 Nil
923 3959 1169 4041 praeter
1197 3955 1483 4040 dignum
1511 3952 1795 4037 praesule
1822 3953 2069 4038 praesul
2097 3954 2263 4038 agit.

702 4058 811 4125 Sic
838 4080 1008 4145 puer
1037 4061 1108 4124 et
1138 4059 1432 4144 juvenis,
1466 4056 1561 4122 sio
1592 4055 1879 4140 quilibet
1908 4056 2072 4120 ordo
2100 4056 2208 4122 vel
2237 4061 2422 4140 aetas,

782 4164 917 4228 Hie
943 4163 1020 4227 in
1048 4183 1128 4228 eo
1159 4161 1337 4247 quod
1365 4163 1568 4240 amet,
1600 4160 1909 4244 quodque
1938 4163 2261 4244 sequatur
2288 4161 2515 4227 habet.
2828 4171 2910 4234 20

698 4267 1036 4353 Quicquid
1066 4288 1222 4331 eum
1249 4267 1502 4345 monet,
1537 4266 1754 4349 optat,
1786 4266 1995 4343 amat,
2026 4265 2286 4345 modus,
2316 4264 2508 4346 utile,
2540 4266 2690 4351 plus

784 4372 908 4437 Vir
938 4391 1125 4436 sacer
1155 4368 1464 4434 exhibuit
1493 4370 1788 4452 pectore,
1820 4387 2001 4446 vooe,
2036 4388 2263 4431 manu.
2488 4370 2669 4454 [oum

694 4477 869 4562 Ejus
899 4474 1076 4541 enim
1107 4477 1412 4538 veterum
1442 4470 1778 4555 sapientia
1805 4469 2107 4556 praeterit
2136 4492 2397 4553 aurum,

782 4578 1095 4645 Praeterit
1123 4578 1485 4662 argentum
1513 4594 1754 4654 serm0‚
1786 4594 2077 4660 superna
2105 4594 2404 4645 monens,
