3308 5200
665 1219 1231 1297 EXOERPTA
1284 1218 1779 1313 QUAEDAM
1830 1216 1978 1292 EX
2013 1210 2839 1291 HYPOGNOSTIOO

818 1479 1605 1576 LAURENTII
1675 1474 2707 1575 DUNELMENSIS.

669 1973 915 2058 Incipit
942 1972 1253 2057 Proloyus
1285 1973 1626 2038 Laurentii
1645 1974 2089 2037 Dunelmensis
2116 1974 2191 2037 in
2221 1972 2455 2036 librum
2482 1975 2850 2055 sequentem.

346 2122 574 2172 Address
588 2124 645 2171 to

349 2187 590 2238 Gervase.
718 2213 721 2215 ,
757 2136 992 2203 Omnis
1024 2161 1132 2205 ars
1153 2138 1261 2206 vel
1282 2139 1663 2225 disciplina,
1688 2140 1783 2204 mi
1804 2140 2106 2220 Gervasi,
2138 2142 2208 2207 et
2227 2138 2371 2224 spei
2397 2138 2660 2204 ratione
2687 2158 2854 2221 prae-

669 2242 894 2307 tendit
946 2244 1124 2327 quod
1168 2266 1394 2310 rerum
1451 2244 1842 2310 executione
1888 2245 2162 2310 tandem
2222 2242 2515 2322 exhibet,
2565 2244 2635 2308 et
2692 2241 2856 2304 dum

671 2349 973 2430 cupitum
1021 2348 1363 2432 promittit
1410 2349 1691 2428 exitum,
1722 2335 2120 2415 exercitium
2162 2347 2520 2432 persuadet
2569 2344 2857 2410 laborio-

673 2470 843 2514 sum.
919 2450 1427 2537 Stipendiorum
1454 2452 1748 2517 intuitus
1778 2452 1853 2515 in
1881 2450 2115 2535 praelia
2144 2450 2444 2517 destinat
2472 2448 2857 2535 professum

671 2552 1026 2635 militiam3
1099 2554 1428 2622 ubertatis
1474 2554 1953 2641 contemplatio
2008 2557 2200 2622 tenet
2259 2553 2624 2640 agricolam
2682 2553 2858 2619 circa

670 2657 891 2724 terrae'
914 2659 1172 2724 cultum
1214 2663 1360 2724 tam
1404 2663 1638 2725 aestate
1683 2681 1887 2743 quam
1927 2659 2149 2726 hieme
2192 2657 2618 2744 pervigilem3
2673 2662 2742 2724 et
2784 2657 2859 2721 in

350 2755 482 2831 Like
502 2754 594 2804 the
673 2762 878 2828 maris
908 2765 979 2829 et
1008 2763 1246 2828 mortis
1290 2763 1475 2827 mille
1519 2762 1911 2828 discrimina
1951 2763 2123 2828 lucri
2154 2784 2329 2828 saeva
2355 2763 2572 2829 fames
2601 2762 2859 2846 inquie-

348 2820 610 2933 ffiisdssgiid-
671 2870 823 2931 tum
866 2866 1051 2952 cogit
1093 2866 1502 2932 institorem.
1594 2866 1707 2932 Sic
1738 2870 1809 2933 et
1852 2869 2065 2947 vates,
2095 2870 2175 2931 ut
2202 2867 2309 2933 vel
2336 2866 2555 2951 prosit
2581 2865 2688 2932 vel
2715 2866 2859 2950 pla-

348 2949 638 3064 }{ffissffle
675 2974 844 3050 ceat,
894 2971 982 3035 ad
1039 2970 1466 3036 scribendum
1519 2969 1918 3056 accingitur,
1968 2974 2038 3035 et
2098 2970 2260 3034 dum
2313 2941 2391 3037 eo
2445 2991 2577 3053 quo
2635 2967 2859 3034 tendit

349 3050 632 3192 poetkfiaust
673 3074 1038 3160 perveniat,
1061 3078 1333 3160 gratum
1361 3077 1466 3140 est
1487 3073 1551 3140 ei
1579 3094 1853 3157 prorsus
1872 3077 1941 3140 et
1957 3074 2085 3139 hoc
2114 3073 2339 3158 ipsum
2369 3075 2548 3158 quod
2575 3073 2857 3138 laborat.

349 3159 457 3254 wor
497 3182 509 3195 '
677 3179 875 3260 Quod
904 3179 978 3242 in
1008 3178 1229 3262 operis
1253 3177 1634 3243 difficillimi
1657 3198 1880 3257 cursu,
1913 3178 2113 3262 quod,
2136 3182 2206 3244 te
2234 3181 2532 3263 petente,
2565 3181 2863 3262 coeptum

348 3242 650 3370 ghagsbepggss
676 3282 750 3345 in
780 3282 1096 3361 claustrO,
1129 3285 1670 3346 consummatum
1714 3302 1860 3348 esse
1905 3285 2174 3346 constat
2216 3281 2290 3344 in
2322 3282 2531 3361 curia,
2564 3281 2861 3366 probavi,

354 3377 412 3421 ⁸¹⁵
428 3372 548 3421 Ger·
675 3383 1132 3473 experimento
1183 3387 1402 3470 magis
1449 3386 1722 3470 proprio
1776 3405 1979 3467 quam
2026 3384 2329 3469 exemplo
2387 3407 2531 3451 rem
2588 3385 2863 3451 edoctus

349 3437 516 3564 {32³³}
535 3450 612 3549 {fi
678 3491 918 3558 alieno.
997 3489 1358 3572 ‘Siquidem
1402 3489 1561 3552 dum
1606 3488 1738 3552 tibi
1780 3488 2064 3572 placere,
2097 3489 2215 3554 sed
2257 3493 2485 3554 tecum
2513 3488 2684 3552 mihi
2713 3510 2864 3572 pro-

350 3566 444 3691 ξξξ,
458 3566 604 3679 (ἓξὲξ
679 3596 869 3662 desse
901 3593 1188 3678 scriptor
1216 3591 1558 3672 insolituS,
1606 3592 1768 3676 quia
1796 3590 2084 3676 scriptor
2115 3591 2393 3672 aulicus,
2424 3592 2710 3672 intendi,
2729 3614 2868 3658 non

351 3695 575 3810 ῧξῗιξθᾶ
598 3697 654 3743 ²¹⁵
681 3699 939 3766 attendi
971 3700 1299 3781 quantum
1342 3695 1590 3761 laboris
1623 3695 1896 3762 afferret
1926 3699 1995 3761 et
2024 3695 2464 3776 difficultatis,
2498 3698 2556 3761 si
2585 3698 2712 3763 hoc
2742 3698 2867 3761 im-

351 3846 460 3894 The
484 3797 618 3893 diffi-
677 3803 934 3887 peritus
964 3805 1034 3867 et
1060 3797 1327 3885 juvenis
1365 3821 1641 3865 conarer
1671 3799 1744 3862 in
1772 3798 2065 3885 public0,
2098 3800 2277 3882 quod
2320 3801 2767 3884 peritissimus
2797 3806 2868 3869 et

353 3911 498 3970 oulty
521 3910 576 3958 of
679 3911 877 3973 aetate
905 3905 1286 3991 provectior
1317 3903 1491 3969 alius
1515 3904 1811 3988 incipere
1840 3903 2241 3968 formida-ret
2269 3903 2343 3967 in
2371 3905 2656 3988 privato·
2735 3906 2869 3973 Sed

695 4008 1002 4095 luidnam
1030 4011 1136 4075 est
1168 4008 1347 4092 quod
1392 4029 1579 4072 amor
1621 4028 1761 4072 non
1802 4010 2031 4091 potest
2047 4009 2081 4071 ἲ)
2169 4006 2353 4071 Tuus
2399 4030 2586 4074 amor
2616 4009 2867 4093 aliquo-

695 4114 854 4181 ziens
885 4113 958 4176 in
978 4112 1217 4177 ludum
1245 4110 1416 4175 mihi
1444 4110 1744 4176 laborem
1770 4110 2128 4175 transtulit
2140 4136 2160 4190 3
2204 4110 2667 4178 difficultatem
2697 4134 2869 4197 saepe

695 4218 883 4285 vertit
901 4216 976 4280 in
1000 4214 1308 4294 delicias3
1342 4218 1410 4281 et
1428 4213 1608 4280 inter
1629 4213 2098 4279 incumbentes
2120 4213 2291 4276 mihi
2310 4235 2505 4279 curas
2524 4215 2869 4280 animum*
2924 4286 2930 4292 ,

695 4324 857 4388 'mter
887 4319 1317 4385 assistentem
1348 4322 1416 4384 et
1448 4317 1847 4401 quotidiana
1874 4316 1978 4382 vel
2005 4319 2341 4401 praecepta
2370 4323 2868 4404 exspectantem

695 4424 785 4491 Vel
852 4422 1191 4508 stipendia
1245 4420 1601 4500 familiam,
1683 4440 2137 4504 saepenumero
2197 4419 2530 4486 calamum
2604 4423 2870 4491 direxit.

1472 4584 1506 4620 '⁸‘
1543 4585 2020 4636 Animum—animi
2042 4586 2102 4637 Β.
