3308 5200
1419 536 1743 582 PREFAOE.

2497 524 2727 589 xxxvii

414 705 574 769 very
604 687 1092 773 satisfactorily
1122 688 1278 753 that
1309 690 1676 771 Laurence,
1728 692 1925 757 Prior
1955 694 2030 759 of
2072 694 2404 779 Durham‚
2436 718 2574 761 was
2604 697 2725 762 the

416 805 685 872 author.

745 961 999 1012 Galienus
1019 963 1083 1012 de
1103 968 1312 1013 auctore
1345 969 1397 1014 et
1418 965 1760 1016 divisionibus
1771 968 2121 1031 pra-cedentis
2152 969 2399 1035 opusculi.

867 1069 1072 1132 Ingenii
1095 1085 1190 1133 pro
1212 1085 1361 1135 posse
1383 1085 1574 1134 parans
1597 1073 1837 1122 attollere
1874 1074 2154 1135 Christum,

870 1151 1002 1214 Ejus
1025 1166 1200 1201 amore
1223 1152 1411 1201 librum
1439 1153 1752 1203 Laurentius
1772 1155 1941 1204 edidit
1962 1157 2138 1206 istum.

870 1233 970 1282 Res
992 1247 1055 1282 ea
1075 1236 1156 1283 ter
1179 1235 1319 1283 trino
1342 1235 1513 1297 divisa
1536 1236 1798 1285 volumine
1821 1240 2044 1298 constat,

863 1313 939 1361 Ut
961 1328 1188 1377 praesens
1212 1316 1358 1365 vobis
1379 1317 1600 1366 lectores
1621 1317 1818 1379 pagina
1839 1322 2112 1369 monstrat.

865 1395 1188 1460 Principium
1212 1397 1434 1460 primum
1459 1397 1555 1446 dat
1575 1399 1745 1460 prima
1766 1399 1939 1448 fronte
1959 1401 2221 1462 volumen,

864 1476 1087 1540 Tempus
1109 1479 1418 1528 subnectens
1439 1482 1494 1528 et
1515 1493 1598 1528 res
1620 1479 1764 1528 infra
1780 1480 1830 1529 N
1833 1495 1894 1530 oe
1917 1481 2111 1531 flumen
2132 1499 2144 1533 :

866 1558 966 1607 Sed
988 1559 1099 1608 Noe
1121 1560 1426 1621 praeteritas,
1451 1575 1653 1609 necnon
1676 1562 1822 1624 prius
1843 1562 1990 1611 edita
2011 1564 2219 1624 mundo,

864 1639 1040 1688 Turris
1062 1641 1338 1689 materiam
1361 1644 1558 1704 praebet
1590 1644 1894 1705 tectumque
1919 1643 2166 1694 SecundO.

869 1721 1074 1771 Tertius
1096 1722 1153 1770 in
1174 1721 1312 1771 libro
1338 1722 1665 1772 Patriarchas
1687 1724 1869 1773 ordine
1889 1725 2077 1788 tangit,

862 1802 1093 1853 Heredes
1116 1818 1334 1866 quorum
1358 1804 1559 1853 Pharao
1582 1806 1864 1855 crudeliter
1886 1807 2049 1870 angit.

861 1883 971 1933 Lex
997 1884 1154 1933 datur
1173 1884 1232 1933 in
1258 1884 1467 1946 Quarto,
1494 1884 1702 1947 Moyses
1723 1886 1835 1935 obit
1858 1887 2115 1949 Israelita,

857 1964 896 2015 J
897 1979 1108 2030 esseque
1130 1966 1166 2014 J
1167 1965 1411 2014 udicibus
1433 1966 1665 2015 succedit
1688 1967 2091 2019 Bethlehemita.

863 2046 1082 2104 Quintus
1101 2047 1262 2096 habet
1282 2047 1529 2111 populum
1555 2047 1740 2111 Regali
1762 2048 1860 2097 sub
1880 2049 2096 2110 ditione,

862 2127 959 2185 Qui
980 2128 1118 2177 male
1140 2133 1399 2193 postremo
1421 2128 1579 2178 miser
1601 2129 1784 2178 exulat
1805 2129 1862 2177 in
1885 2130 2165 2194 Babylone.

859 2208 943 2257 Ad
964 2209 1189 2271 patriam
1214 2210 1404 2260 Sextus
1424 2210 1664 2273 captivos
1684 2225 1912 2275 quosque
1933 2212 2151 2273 reducit,

860 2290 933 2339 Et
956 2292 1137 2340 seriem
1161 2295 1279 2355 post
1299 2291 1414 2340 haec
1436 2293 1506 2340 ad
1528 2292 1754 2341 Herodis
1775 2296 2013 2355 tempora
2034 2293 2195 2343 ducit.
2250 2365 2259 2372 .

861 2371 1120 2434 Septimus
1141 2373 1399 2422 extollens
1419 2373 1659 2422 demissae
1680 2374 1800 2422 vela
1821 2374 2034 2434 Thaliae,

856 2452 1091 2514 Virginis
1113 2453 1313 2501 attollit
1335 2453 1596 2516 praeconia
1618 2457 1775 2516 grata
1798 2454 1999 2504 Mariae.

858 2534 1056 2584 Octavo
1077 2537 1283 2584 resonat
1307 2534 1660 2583 Romanorum
1683 2535 2000 2595 dominatus,

857 2616 930 2665 Et
951 2630 1066 2681 quae
1092 2616 1329 2666 Salvator
1349 2617 1512 2678 gessit
1533 2617 1599 2666 de
1621 2617 1840 2679 Virgine
1862 2622 2032 2667 natus,

860 2697 1199 2760 Subsequitur
1221 2697 1429 2746 diversa
1450 2711 1640 2747 sonans
1660 2697 1949 2748 karismata
1970 2698 2020 2747 N
2023 2713 2166 2760 onus,

859 2779 983 2829 Otia
1004 2793 1331 2842 nequaquam
1354 2779 1519 2828 codex
1541 2780 1609 2828 ad
1640 2780 1836 2829 inertia
1857 2794 2062 2842 pronus.

857 2860 1034 2923 thue
1056 2860 1231 2924 palam
1256 2862 1438 2924 pateat
1459 2861 1574 2925 quis
1597 2860 1670 2909 sit
1693 2861 2007 2911 Laurentius
2028 2862 2142 2921 iste,

856 2941 1075 2990 Initium
1098 2941 1328 2991 breviter
1349 2942 1490 2989 tanti
1513 2942 1753 2991 reserabo
1775 2942 2036 3005 sophistae.

854 3022 970 3071 Hoc
991 3036 1138 3072 sacra
1160 3022 1407 3071 Dunelmi
1428 3023 1613 3072 domus
1634 3025 1714 3071 est
1737 3023 1978 3072 decorata
2002 3024 2190 3084 Priore,

856 3104 1028 3168 Hujus
1052 3104 1338 3153 adornatur
1359 3103 1535 3153 studio
1559 3104 1822 3166 studiique
1844 3105 2036 3155 labore.

857 3185 1014 3235 Hunc
1035 3184 1207 3248 operis
1229 3185 1370 3234 tanti
1394 3185 1536 3234 Deus
1557 3185 1722 3234 afflet
1742 3186 2153 3247 compositorem,

856 3266 1235 3329 Retribuatque
1257 3266 1359 3316 sibi
1381 3267 1506 3315 vitae
1530 3266 1751 3315 caelestis
1771 3265 2017 3316 honorem
2041 3270 2052 3316 1

854 3349 957 3397 Pro
978 3348 1215 3397 mercede
1236 3348 1345 3412 poli
1365 3362 1525 3409 regno
1547 3347 1780 3411 potiatur
1804 3362 2020 3408 amaeno,

855 3429 1206 3492 Conregrante
1227 3429 1305 3477 sui
1328 3429 1575 3492 scriptore
1596 3429 1723 3477 libri
1746 3428 1964 3478 Galieno
1985 3430 1995 3478 1

527 3545 673 3611 The
702 3544 1296 3630 Hypognosticon,
1330 3543 1552 3608 which
1584 3543 1642 3608 is
1690 3544 1853 3607 thus
1903 3544 2274 3628 described,
2307 3570 2445 3614 was
2477 3572 2519 3615 a
2546 3573 2706 3638 very

394 3666 683 3753 popular
725 3664 911 3729 work
960 3662 1035 3726 in
1087 3662 1436 3729 mediaeval
1472 3662 1803 3742 librarieS,
1854 3665 1991 3729 and
2040 3687 2246 3751 many
2276 3668 2476 3734 MSS.
2527 3671 2604 3737 of
2646 3672 2705 3737 it

395 3809 511 3854 are
541 3789 611 3851 in
646 3785 988 3853 existence
1018 3784 1093 3847 in
1144 3783 1466 3868 England
1515 3784 1650 3847 and
1699 3784 1972 3850 abroad.
2063 3786 2136 3850 It
2164 3809 2302 3853 was
2332 3790 2452 3857 the
2482 3791 2703 3859 inten-

392 3909 542 3975 tion
572 3908 648 3975 of
693 3906 943 3986 Oudin,
975 3906 1096 3971 the
1141 3904 1410 3969 famous
1461 3903 1991 3989 bibliographer,
2022 3910 2097 3971 to
2142 3908 2314 3975 have
2341 3911 2704 3994 published

393 4031 474 4109 it,
520 4030 648 4094 but
699 4027 808 4091 his
858 4026 1097 4110 design
1141 4044 1277 4088 was
1328 4045 1532 4089 never
1582 4023 1842 4089 carried
1888 4027 2029 4090 out.
2122 4027 2161 4090 I
2205 4034 2455 4095 cannot
2498 4033 2702 4097 think

389 4150 548 4215 that
577 4148 635 4214 it
657 4146 973 4213 deserved
1000 4144 1141 4210 this
1173 4145 1457 4223 honour,
1490 4145 1731 4228 except
1760 4142 1835 4206 in
1865 4165 1907 4208 a
1936 4145 2213 4229 general
2241 4148 2597 4216 coHection
2627 4155 2703 4219 of

394 4267 799 4335 Laurence's
831 4264 1073 4329 works.

523 4388 869 4453 Laurence
902 4384 1044 4450 also
1075 4386 1283 4448 wrote
1315 4403 1357 4446 a
1383 4385 1564 4447 tract
1611 4381 1949 4449 entituled
1997 4382 2357 4449 Consolatio
2389 4388 2465 4452 de
2492 4391 2700 4455 Morte
