<?xml version="1.0" encoding="UTF-8"?>
<!DOCTYPE html PUBLIC "-//W3C//DTD XHTML 1.0 Transitional//EN"
    "http://www.w3.org/TR/xhtml1/DTD/xhtml1-transitional.dtd">
<html xmlns="http://www.w3.org/1999/xhtml" xml:lang="en" lang="en">
 <head>
  <title>
</title>
<meta http-equiv="Content-Type" content="text/html;charset=utf-8" />
  <meta name='ocr-system' content='tesseract 3.04.00' />
  <meta name='ocr-capabilities' content='ocr_page ocr_carea ocr_par ocr_line ocrx_word'/>
</head>
<body>
  <div class='ocr_page' id='page_1' title='image "./dialogilaurenti00socigoog_0107.png"; bbox 0 0 3308 5200; ppageno 0'>
   <div class='ocr_carea' id='block_1_1' title="bbox 583 487 2695 555">
    <p class='ocr_par' dir='ltr' id='par_1_1' title="bbox 583 487 2695 555">
     <span class='ocr_line' id='line_1_1' title="bbox 583 487 2695 555; baseline 0.002 -7"><span class='ocrx_word' id='word_1_1' title='bbox 583 503 930 549; x_wconf 74' lang='lat' dir='ltr'>EXOERPTA</span> <span class='ocrx_word' id='word_1_2' title='bbox 973 506 1063 551; x_wconf 78' lang='lat' dir='ltr'><strong>Ex</strong></span> <span class='ocrx_word' id='word_1_3' title='bbox 1105 506 1606 554; x_wconf 73' lang='lat' dir='ltr'>HYPOGNOSTIOO</span> <span class='ocrx_word' id='word_1_4' title='bbox 1649 508 2020 554; x_wconf 70' lang='lat' dir='ltr'><strong>LAUREN&#39;I&#39;II</strong></span> <span class='ocrx_word' id='word_1_5' title='bbox 2065 507 2563 555; x_wconf 74' lang='lat' dir='ltr'>DUNELMENSIS.</span> <span class='ocrx_word' id='word_1_6' title='bbox 2615 487 2695 553; x_wconf 82' lang='grc'><strong>63</strong></span> 
     </span>
    </p>
   </div>
   <div class='ocr_carea' id='block_1_2' title="bbox 166 658 2697 1060">
    <p class='ocr_par' dir='ltr' id='par_1_2' title="bbox 166 658 2697 1060">
     <span class='ocr_line' id='line_1_2' title="bbox 509 658 2697 750; baseline 0.001 -26"><span class='ocrx_word' id='word_1_7' title='bbox 509 658 760 725; x_wconf 90' lang='lat' dir='ltr'><strong>Verum</strong></span> <span class='ocrx_word' id='word_1_8' title='bbox 803 660 1076 727; x_wconf 89' lang='lat' dir='ltr'><strong>horaria</strong></span> <span class='ocrx_word' id='word_1_9' title='bbox 1116 660 1465 731; x_wconf 87' lang='lat' dir='ltr'><strong>literarum</strong></span> <span class='ocrx_word' id='word_1_10' title='bbox 1493 662 1615 730; x_wconf 88' lang='lat' dir='ltr'><strong>illa</strong></span> <span class='ocrx_word' id='word_1_11' title='bbox 1643 664 1998 731; x_wconf 74' lang='lat' dir='ltr'>meditatio</span> <span class='ocrx_word' id='word_1_12' title='bbox 2041 664 2268 750; x_wconf 88' lang='lat' dir='ltr'><strong>potius</strong></span> <span class='ocrx_word' id='word_1_13' title='bbox 2308 686 2512 748; x_wconf 89' lang='lat' dir='ltr'><strong>quam</strong></span> <span class='ocrx_word' id='word_1_14' title='bbox 2541 685 2697 730; x_wconf 92' lang='lat' dir='ltr'><strong>con-</strong></span> 
     </span>
     <span class='ocr_line' id='line_1_3' title="bbox 507 763 2697 853; baseline 0.002 -26"><span class='ocrx_word' id='word_1_15' title='bbox 507 763 706 828; x_wconf 90' lang='lat' dir='ltr'><strong>tinua</strong></span> <span class='ocrx_word' id='word_1_16' title='bbox 725 764 1087 850; x_wconf 71' lang='lat' dir='ltr'><strong>multiplici</strong></span> <span class='ocrx_word' id='word_1_17' title='bbox 1103 788 1417 832; x_wconf 88' lang='lat' dir='ltr'><strong>versuum</strong></span> <span class='ocrx_word' id='word_1_18' title='bbox 1438 789 1718 834; x_wconf 91' lang='lat' dir='ltr'><strong>numero</strong></span> <span class='ocrx_word' id='word_1_19' title='bbox 1748 790 1881 852; x_wconf 89' lang='lat' dir='ltr'><strong>quo</strong></span> <span class='ocrx_word' id='word_1_20' title='bbox 1905 768 2252 835; x_wconf 76' lang='lat' dir='ltr'><strong>claustrali</strong></span> <span class='ocrx_word' id='word_1_21' title='bbox 2278 770 2525 853; x_wconf 91' lang='lat' dir='ltr'><strong>potuit,</strong></span> <span class='ocrx_word' id='word_1_22' title='bbox 2556 789 2697 833; x_wconf 93' lang='lat' dir='ltr'><strong>non</strong></span> 
     </span>
     <span class='ocr_line' id='line_1_4' title="bbox 174 869 2695 961; baseline 0.001 -28"><span class='ocrx_word' id='word_1_23' title='bbox 174 884 468 961; x_wconf 61' lang='lat' dir='ltr'><strong>Lampe,</strong></span> <span class='ocrx_word' id='word_1_24' title='bbox 508 869 735 952; x_wconf 89' lang='lat' dir='ltr'><strong>potuit</strong></span> <span class='ocrx_word' id='word_1_25' title='bbox 762 870 1165 953; x_wconf 90' lang='lat' dir='ltr'><strong>respondere</strong></span> <span class='ocrx_word' id='word_1_26' title='bbox 1209 871 1468 935; x_wconf 89' lang='lat' dir='ltr'><strong>curiali.</strong></span> <span class='ocrx_word' id='word_1_27' title='bbox 1557 872 1665 936; x_wconf 80' lang='lat' dir='ltr'><strong>Ex</strong></span> <span class='ocrx_word' id='word_1_28' title='bbox 1695 893 1826 956; x_wconf 91' lang='lat' dir='ltr'><strong>quo</strong></span> <span class='ocrx_word' id='word_1_29' title='bbox 1856 873 2038 939; x_wconf 91' lang='lat' dir='ltr'><strong>enim</strong></span> <span class='ocrx_word' id='word_1_30' title='bbox 2067 876 2303 938; x_wconf 88' lang='lat' dir='ltr'><strong>cantor</strong></span> <span class='ocrx_word' id='word_1_31' title='bbox 2347 872 2695 939; x_wconf 91' lang='lat' dir='ltr'><strong>ecclesias-</strong></span> 
     </span>
     <span class='ocr_line' id='line_1_5' title="bbox 166 950 2695 1060; baseline 0.002 -25"><span class='ocrx_word' id='word_1_32' title='bbox 166 950 314 999; x_wconf 72' lang='lat' dir='ltr'><strong>firom</strong></span> <span class='ocrx_word' id='word_1_33' title='bbox 324 950 484 1013; x_wconf 81' lang='lat' dir='ltr'><strong>bemg</strong></span> <span class='ocrx_word' id='word_1_34' title='bbox 508 972 684 1037; x_wconf 91' lang='lat' dir='ltr'><strong>ticus</strong></span> <span class='ocrx_word' id='word_1_35' title='bbox 712 972 1056 1057; x_wconf 87' lang='lat' dir='ltr'><strong>palatinus</strong></span> <span class='ocrx_word' id='word_1_36' title='bbox 1099 974 1325 1040; x_wconf 78' lang='lat' dir='ltr'><strong>factus</strong></span> <span class='ocrx_word' id='word_1_37' title='bbox 1358 996 1507 1039; x_wconf 90' lang='lat' dir='ltr'><strong>sum</strong></span> <span class='ocrx_word' id='word_1_38' title='bbox 1537 976 1943 1060; x_wconf 88' lang='lat' dir='ltr'><strong>capeHanus,</strong></span> <span class='ocrx_word' id='word_1_39' title='bbox 1975 980 2045 1043; x_wconf 93' lang='lat' dir='ltr'><strong>et</strong></span> <span class='ocrx_word' id='word_1_40' title='bbox 2076 976 2422 1041; x_wconf 90' lang='lat' dir='ltr'><strong>studiosus</strong></span> <span class='ocrx_word' id='word_1_41' title='bbox 2466 975 2695 1042; x_wconf 89' lang='lat' dir='ltr'><strong>litera-</strong></span> 
     </span>
    </p>
   </div>
   <div class='ocr_carea' id='block_1_3' title="bbox 172 1015 2698 1146">
    <p class='ocr_par' dir='ltr' id='par_1_3' title="bbox 172 1015 2698 1146">
     <span class='ocr_line' id='line_1_6' title="bbox 174 1015 486 1065; baseline 0.003 -2"><span class='ocrx_word' id='word_1_42' title='bbox 174 1015 404 1064; x_wconf 86' lang='lat' dir='ltr'><strong>chantor</strong></span> <span class='ocrx_word' id='word_1_43' title='bbox 429 1016 486 1065; x_wconf 83' lang='lat' dir='ltr'><strong>of</strong></span> 
     </span>
     <span class='ocr_line' id='line_1_7' title="bbox 172 1078 2698 1146; baseline 0.002 -6"><span class='ocrx_word' id='word_1_44' title='bbox 172 1080 273 1129; x_wconf 83' lang='lat' dir='ltr'><strong>the</strong></span> <span class='ocrx_word' id='word_1_45' title='bbox 287 1081 484 1130; x_wconf 80' lang='lat' dir='ltr'><strong>churoh</strong></span> <span class='ocrx_word' id='word_1_46' title='bbox 510 1098 661 1140; x_wconf 87' lang='lat' dir='ltr'><strong>rum</strong></span> <span class='ocrx_word' id='word_1_47' title='bbox 691 1078 778 1142; x_wconf 81' lang='lat' dir='ltr'><strong>ad</strong></span> <span class='ocrx_word' id='word_1_48' title='bbox 807 1099 1161 1143; x_wconf 90' lang='lat' dir='ltr'><strong>causarum</strong></span> <span class='ocrx_word' id='word_1_49' title='bbox 1206 1080 1502 1146; x_wconf 91' lang='lat' dir='ltr'><strong>actiones</strong></span> <span class='ocrx_word' id='word_1_50' title='bbox 1549 1084 1618 1146; x_wconf 91' lang='lat' dir='ltr'><strong>et</strong></span> <span class='ocrx_word' id='word_1_51' title='bbox 1662 1101 1857 1146; x_wconf 91' lang='lat' dir='ltr'><strong>curas</strong></span> <span class='ocrx_word' id='word_1_52' title='bbox 1904 1080 2273 1146; x_wconf 87' lang='lat' dir='ltr'><strong>officiorum</strong></span> <span class='ocrx_word' id='word_1_53' title='bbox 2322 1101 2499 1144; x_wconf 91' lang='lat' dir='ltr'><strong>unus</strong></span> <span class='ocrx_word' id='word_1_54' title='bbox 2547 1101 2698 1144; x_wconf 91' lang='lat' dir='ltr'><strong>sum</strong></span> 
     </span>
    </p>
   </div>
   <div class='ocr_carea' id='block_1_4' title="bbox 168 1147 2699 2514">
    <p class='ocr_par' dir='ltr' id='par_1_4' title="bbox 168 1147 2699 1683">
     <span class='ocr_line' id='line_1_8' title="bbox 175 1147 2699 1274; baseline 0.002 -30"><span class='ocrx_word' id='word_1_55' title='bbox 175 1147 467 1274; x_wconf 48' lang='lat' dir='ltr'><strong>ffiss‘gssssde</strong></span> <span class='ocrx_word' id='word_1_56' title='bbox 508 1183 956 1266; x_wconf 72' lang='lat' dir='ltr'><strong>mancipatae,</strong></span> <span class='ocrx_word' id='word_1_57' title='bbox 1037 1183 1605 1268; x_wconf 90' lang='lat' dir='ltr'><strong>quamplurimum</strong></span> <span class='ocrx_word' id='word_1_58' title='bbox 1672 1185 1847 1249; x_wconf 89' lang='lat' dir='ltr'><strong>citra</strong></span> <span class='ocrx_word' id='word_1_59' title='bbox 1914 1183 2190 1249; x_wconf 91' lang='lat' dir='ltr'><strong>solitum</strong></span> <span class='ocrx_word' id='word_1_60' title='bbox 2244 1183 2445 1270; x_wconf 92' lang='lat' dir='ltr'><strong>longe</strong></span> <span class='ocrx_word' id='word_1_61' title='bbox 2505 1184 2699 1250; x_wconf 90' lang='lat' dir='ltr'><strong>stetit</strong></span> 
     </span>
     <span class='ocr_line' id='line_1_9' title="bbox 175 1276 2698 1372; baseline 0 -21"><span class='ocrx_word' id='word_1_62' title='bbox 175 1276 443 1339; x_wconf 80' lang='lat' dir='ltr'><strong>chaplain.</strong></span> <span class='ocrx_word' id='word_1_63' title='bbox 508 1286 821 1351; x_wconf 82' lang='lat' dir='ltr'><strong>carminis</strong></span> <span class='ocrx_word' id='word_1_64' title='bbox 873 1287 1091 1352; x_wconf 82' lang='lat' dir='ltr'><strong>nostri</strong></span> <span class='ocrx_word' id='word_1_65' title='bbox 1142 1288 1474 1367; x_wconf 87' lang='lat' dir='ltr'><strong>diarium3</strong></span> <span class='ocrx_word' id='word_1_66' title='bbox 1521 1292 1591 1354; x_wconf 98' lang='lat' dir='ltr'><strong>et</strong></span> <span class='ocrx_word' id='word_1_67' title='bbox 1640 1289 1820 1372; x_wconf 91' lang='lat' dir='ltr'><strong>quod</strong></span> <span class='ocrx_word' id='word_1_68' title='bbox 1861 1310 2001 1352; x_wconf 92' lang='lat' dir='ltr'><strong>una</strong></span> <span class='ocrx_word' id='word_1_69' title='bbox 2043 1290 2483 1354; x_wconf 87' lang='lat' dir='ltr'><strong>consueverat</strong></span> <span class='ocrx_word' id='word_1_70' title='bbox 2528 1287 2698 1352; x_wconf 90' lang='lat' dir='ltr'><strong>hora</strong></span> 
     </span>
     <span class='ocr_line' id='line_1_10' title="bbox 175 1389 2698 1491; baseline 0 -38"><span class='ocrx_word' id='word_1_71' title='bbox 175 1442 305 1491; x_wconf 85' lang='lat' dir='ltr'><strong>And</strong></span> <span class='ocrx_word' id='word_1_72' title='bbox 332 1441 418 1490; x_wconf 82' lang='lat' dir='ltr'><strong>his</strong></span> <span class='ocrx_word' id='word_1_73' title='bbox 506 1389 641 1455; x_wconf 89' lang='lat' dir='ltr'><strong>diei</strong></span> <span class='ocrx_word' id='word_1_74' title='bbox 672 1391 986 1474; x_wconf 89' lang='lat' dir='ltr'><strong>expedito</strong></span> <span class='ocrx_word' id='word_1_75' title='bbox 1014 1390 1264 1471; x_wconf 91' lang='lat' dir='ltr'><strong>ludere,</strong></span> <span class='ocrx_word' id='word_1_76' title='bbox 1297 1391 1411 1456; x_wconf 84' lang='lat' dir='ltr'><strong>vix</strong></span> <span class='ocrx_word' id='word_1_77' title='bbox 1440 1392 1705 1477; x_wconf 83' lang='lat' dir='ltr'><strong>integer</strong></span> <span class='ocrx_word' id='word_1_78' title='bbox 1735 1392 1846 1455; x_wconf 90' lang='lat' dir='ltr'><strong>hic</strong></span> <span class='ocrx_word' id='word_1_79' title='bbox 1875 1391 2047 1454; x_wconf 90' lang='lat' dir='ltr'><strong>mihi</strong></span> <span class='ocrx_word' id='word_1_80' title='bbox 2076 1390 2218 1457; x_wconf 91' lang='lat' dir='ltr'><strong>dies</strong></span> <span class='ocrx_word' id='word_1_81' title='bbox 2246 1390 2475 1476; x_wconf 92' lang='lat' dir='ltr'><strong>potuit</strong></span> <span class='ocrx_word' id='word_1_82' title='bbox 2505 1411 2698 1456; x_wconf 92' lang='lat' dir='ltr'><strong>occu-</strong></span> 
     </span>
     <span class='ocr_line' id='line_1_11' title="bbox 168 1494 2696 1583; baseline 0 -28"><span class='ocrx_word' id='word_1_83' title='bbox 168 1508 311 1583; x_wconf 29' lang='lat' dir='ltr'><strong>-time</strong></span> <span class='ocrx_word' id='word_1_84' title='bbox 334 1522 438 1583; x_wconf 53' lang='lat' dir='ltr'><strong>qvas</strong></span> <span class='ocrx_word' id='word_1_85' title='bbox 505 1497 668 1577; x_wconf 86' lang='lat' dir='ltr'><strong>pato</strong></span> <span class='ocrx_word' id='word_1_86' title='bbox 724 1494 1050 1561; x_wconf 87' lang='lat' dir='ltr'><strong>laborare.</strong></span> <span class='ocrx_word' id='word_1_87' title='bbox 1137 1495 1315 1559; x_wconf 88' lang='lat' dir='ltr'><strong>Nam</strong></span> <span class='ocrx_word' id='word_1_88' title='bbox 1373 1496 1448 1557; x_wconf 86' lang='lat' dir='ltr'><strong>in</strong></span> <span class='ocrx_word' id='word_1_89' title='bbox 1495 1500 1693 1580; x_wconf 91' lang='lat' dir='ltr'><strong>opere</strong></span> <span class='ocrx_word' id='word_1_90' title='bbox 1742 1499 2054 1579; x_wconf 89' lang='lat' dir='ltr'><strong>suscepto</strong></span> <span class='ocrx_word' id='word_1_91' title='bbox 2114 1494 2344 1561; x_wconf 87' lang='lat' dir='ltr'><strong>volens</strong></span> <span class='ocrx_word' id='word_1_92' title='bbox 2404 1494 2696 1580; x_wconf 88' lang='lat' dir='ltr'><strong>experiri</strong></span> 
     </span>
     <span class='ocr_line' id='line_1_12' title="bbox 172 1574 2698 1683; baseline 0.001 -23"><span class='ocrx_word' id='word_1_93' title='bbox 172 1574 444 1634; x_wconf 79' lang='lat' dir='ltr'><strong>occup1ed.</strong></span> <span class='ocrx_word' id='word_1_94' title='bbox 510 1596 673 1679; x_wconf 88' lang='lat' dir='ltr'><strong>quid</strong></span> <span class='ocrx_word' id='word_1_95' title='bbox 702 1618 971 1682; x_wconf 91' lang='lat' dir='ltr'><strong>possem</strong></span> <span class='ocrx_word' id='word_1_96' title='bbox 995 1598 1109 1681; x_wconf 89' lang='lat' dir='ltr'><strong>qui</strong></span> <span class='ocrx_word' id='word_1_97' title='bbox 1139 1601 1460 1664; x_wconf 91' lang='lat' dir='ltr'><strong>consueta</strong></span> <span class='ocrx_word' id='word_1_98' title='bbox 1480 1620 1619 1663; x_wconf 93' lang='lat' dir='ltr'><strong>non</strong></span> <span class='ocrx_word' id='word_1_99' title='bbox 1645 1602 1953 1683; x_wconf 90' lang='lat' dir='ltr'><strong>poteram</strong></span> <span class='ocrx_word' id='word_1_100' title='bbox 1983 1598 2230 1664; x_wconf 88' lang='lat' dir='ltr'><strong>dialem</strong></span> <span class='ocrx_word' id='word_1_101' title='bbox 2260 1611 2530 1662; x_wconf 86' lang='lat' dir='ltr'><strong>cursum</strong></span> <span class='ocrx_word' id='word_1_102' title='bbox 2546 1618 2698 1682; x_wconf 92' lang='lat' dir='ltr'><strong>pro-</strong></span> 
     </span>
    </p>

    <p class='ocr_par' dir='ltr' id='par_1_5' title="bbox 177 1700 2698 2227">
     <span class='ocr_line' id='line_1_13' title="bbox 507 1700 2697 1786; baseline 0 -20"><span class='ocrx_word' id='word_1_103' title='bbox 507 1702 803 1781; x_wconf 85' lang='lat' dir='ltr'><strong>tendere,</strong></span> <span class='ocrx_word' id='word_1_104' title='bbox 838 1703 1124 1786; x_wconf 88' lang='lat' dir='ltr'><strong>scriptor</strong></span> <span class='ocrx_word' id='word_1_105' title='bbox 1166 1700 1475 1767; x_wconf 86' lang='lat' dir='ltr'><strong>horarius</strong></span> <span class='ocrx_word' id='word_1_106' title='bbox 1522 1701 1884 1785; x_wconf 87' lang='lat' dir='ltr'><strong>aliquando</strong></span> <span class='ocrx_word' id='word_1_107' title='bbox 1915 1701 2170 1781; x_wconf 90' lang='lat' dir='ltr'><strong>studui,</strong></span> <span class='ocrx_word' id='word_1_108' title='bbox 2204 1702 2323 1768; x_wconf 93' lang='lat' dir='ltr'><strong>sed</strong></span> <span class='ocrx_word' id='word_1_109' title='bbox 2353 1702 2440 1766; x_wconf 91' lang='lat' dir='ltr'><strong>ad</strong></span> <span class='ocrx_word' id='word_1_110' title='bbox 2467 1722 2697 1785; x_wconf 88' lang='lat' dir='ltr'><strong>vespe-</strong></span> 
     </span>
     <span class='ocr_line' id='line_1_14' title="bbox 182 1805 2695 1891; baseline 0.001 -23"><span class='ocrx_word' id='word_1_111' title='bbox 182 1838 269 1887; x_wconf 84' lang='lat' dir='ltr'><strong>He</strong></span> <span class='ocrx_word' id='word_1_112' title='bbox 291 1838 446 1887; x_wconf 78' lang='lat' dir='ltr'><strong>could</strong></span> <span class='ocrx_word' id='word_1_113' title='bbox 508 1827 661 1869; x_wconf 86' lang='lat' dir='ltr'><strong>rum</strong></span> <span class='ocrx_word' id='word_1_114' title='bbox 703 1805 854 1889; x_wconf 90' lang='lat' dir='ltr'><strong>plus</strong></span> <span class='ocrx_word' id='word_1_115' title='bbox 898 1806 1198 1872; x_wconf 87' lang='lat' dir='ltr'><strong>versibus</strong></span> <span class='ocrx_word' id='word_1_116' title='bbox 1246 1806 1698 1891; x_wconf 87' lang='lat' dir='ltr'><strong>quadraginta</strong></span> <span class='ocrx_word' id='word_1_117' title='bbox 1738 1827 1860 1890; x_wconf 93' lang='lat' dir='ltr'><strong>per</strong></span> <span class='ocrx_word' id='word_1_118' title='bbox 1890 1806 2071 1872; x_wconf 90' lang='lat' dir='ltr'><strong>diem</strong></span> <span class='ocrx_word' id='word_1_119' title='bbox 2101 1805 2272 1868; x_wconf 87' lang='lat' dir='ltr'><strong>mihi</strong></span> <span class='ocrx_word' id='word_1_120' title='bbox 2313 1826 2455 1870; x_wconf 94' lang='lat' dir='ltr'><strong>non</strong></span> <span class='ocrx_word' id='word_1_121' title='bbox 2482 1806 2695 1871; x_wconf 79' lang='lat' dir='ltr'><strong>fuisse</strong></span> 
     </span>
     <span class='ocr_line' id='line_1_15' title="bbox 177 1904 2697 2017; baseline 0 -43"><span class='ocrx_word' id='word_1_122' title='bbox 177 1904 310 2017; x_wconf 42' lang='grc' dir='ltr'><strong>ἓξὲξ</strong></span> <span class='ocrx_word' id='word_1_123' title='bbox 331 1904 442 2017; x_wconf 49' lang='lat' dir='ltr'><strong>{gd</strong></span> <span class='ocrx_word' id='word_1_124' title='bbox 512 1909 916 1989; x_wconf 79' lang='lat' dir='ltr'><strong>confectum,</strong></span> <span class='ocrx_word' id='word_1_125' title='bbox 950 1910 1117 1974; x_wconf 91' lang='lat' dir='ltr'><strong>satis</strong></span> <span class='ocrx_word' id='word_1_126' title='bbox 1149 1913 1220 1974; x_wconf 94' lang='lat' dir='ltr'><strong>et</strong></span> <span class='ocrx_word' id='word_1_127' title='bbox 1251 1931 1451 1994; x_wconf 90' lang='lat' dir='ltr'><strong>super</strong></span> <span class='ocrx_word' id='word_1_128' title='bbox 1496 1910 1841 1976; x_wconf 89' lang='lat' dir='ltr'><strong>admirans</strong></span> <span class='ocrx_word' id='word_1_129' title='bbox 1887 1909 2136 1976; x_wconf 88' lang='lat' dir='ltr'><strong>inveni.</strong></span> <span class='ocrx_word' id='word_1_130' title='bbox 2228 1910 2425 1991; x_wconf 79' lang='lat' dir='ltr'><strong>Quod</strong></span> <span class='ocrx_word' id='word_1_131' title='bbox 2467 1910 2697 1993; x_wconf 91' lang='lat' dir='ltr'><strong>itaque</strong></span> 
     </span>
     <span class='ocr_line' id='line_1_16' title="bbox 182 2014 2698 2099; baseline -0.001 -18"><span class='ocrx_word' id='word_1_132' title='bbox 182 2034 332 2083; x_wconf 77' lang='lat' dir='ltr'><strong>write</strong></span> <span class='ocrx_word' id='word_1_133' title='bbox 345 2034 484 2098; x_wconf 77' lang='lat' dir='ltr'><strong>forty</strong></span> <span class='ocrx_word' id='word_1_134' title='bbox 512 2014 726 2085; x_wconf 88' lang='lat' dir='ltr'><strong>serius</strong></span> <span class='ocrx_word' id='word_1_135' title='bbox 759 2017 1027 2099; x_wconf 90' lang='lat' dir='ltr'><strong>sperato</strong></span> <span class='ocrx_word' id='word_1_136' title='bbox 1056 2034 1199 2078; x_wconf 91' lang='lat' dir='ltr'><strong>rem</strong></span> <span class='ocrx_word' id='word_1_137' title='bbox 1223 2016 1515 2098; x_wconf 90' lang='lat' dir='ltr'><strong>coeptam</strong></span> <span class='ocrx_word' id='word_1_138' title='bbox 1545 2014 1631 2077; x_wconf 92' lang='lat' dir='ltr'><strong>ad</strong></span> <span class='ocrx_word' id='word_1_139' title='bbox 1663 2014 1867 2080; x_wconf 94' lang='lat' dir='ltr'><strong>finem</strong></span> <span class='ocrx_word' id='word_1_140' title='bbox 1894 2035 2107 2097; x_wconf 89' lang='lat' dir='ltr'><strong>usque</strong></span> <span class='ocrx_word' id='word_1_141' title='bbox 2136 2014 2594 2099; x_wconf 86' lang='lat' dir='ltr'><strong>perduximus,</strong></span> <span class='ocrx_word' id='word_1_142' title='bbox 2629 2018 2698 2078; x_wconf 92' lang='lat' dir='ltr'><strong>et</strong></span> 
     </span>
     <span class='ocr_line' id='line_1_17' title="bbox 181 2098 2695 2227; baseline -0 -45"><span class='ocrx_word' id='word_1_143' title='bbox 181 2098 318 2227; x_wconf 45' lang='grc' dir='ltr'><strong>ἓξὲξ</strong></span> <span class='ocrx_word' id='word_1_144' title='bbox 332 2115 365 2148; x_wconf 73' lang='lat'><strong>²²</strong></span> <span class='ocrx_word' id='word_1_145' title='bbox 508 2118 651 2183; x_wconf 88' lang='lat' dir='ltr'><strong>haec</strong></span> <span class='ocrx_word' id='word_1_146' title='bbox 669 2139 870 2201; x_wconf 91' lang='lat' dir='ltr'><strong>quam</strong></span> <span class='ocrx_word' id='word_1_147' title='bbox 888 2118 1331 2202; x_wconf 87' lang='lat' dir='ltr'><strong>praemisimus</strong></span> <span class='ocrx_word' id='word_1_148' title='bbox 1351 2116 1704 2201; x_wconf 89' lang='lat' dir='ltr'><strong>occupatio</strong></span> <span class='ocrx_word' id='word_1_149' title='bbox 1725 2138 1930 2182; x_wconf 90' lang='lat' dir='ltr'><strong>causa</strong></span> <span class='ocrx_word' id='word_1_150' title='bbox 1947 2117 2218 2200; x_wconf 91' lang='lat' dir='ltr'><strong>quidem</strong></span> <span class='ocrx_word' id='word_1_151' title='bbox 2238 2117 2404 2182; x_wconf 91' lang='lat' dir='ltr'><strong>satis</strong></span> <span class='ocrx_word' id='word_1_152' title='bbox 2423 2139 2695 2203; x_wconf 89' lang='lat' dir='ltr'><strong>magna,</strong></span> 
     </span>
    </p>

    <p class='ocr_par' dir='ltr' id='par_1_6' title="bbox 182 2220 2698 2514">
     <span class='ocr_line' id='line_1_18' title="bbox 509 2220 2695 2307; baseline 0.001 -22"><span class='ocrx_word' id='word_1_153' title='bbox 509 2222 627 2288; x_wconf 91' lang='lat' dir='ltr'><strong>sed</strong></span> <span class='ocrx_word' id='word_1_154' title='bbox 657 2222 869 2288; x_wconf 87' lang='lat' dir='ltr'><strong>altera</strong></span> <span class='ocrx_word' id='word_1_155' title='bbox 910 2222 1131 2307; x_wconf 83' lang='lat' dir='ltr'><strong>major</strong></span> <span class='ocrx_word' id='word_1_156' title='bbox 1173 2221 1333 2285; x_wconf 79' lang='lat' dir='ltr'><strong>fuit.</strong></span> <span class='ocrx_word' id='word_1_157' title='bbox 1422 2220 1595 2285; x_wconf 83' lang='lat' dir='ltr'><strong>Cum</strong></span> <span class='ocrx_word' id='word_1_158' title='bbox 1625 2221 1808 2287; x_wconf 91' lang='lat' dir='ltr'><strong>enim</strong></span> <span class='ocrx_word' id='word_1_159' title='bbox 1837 2225 2106 2305; x_wconf 90' lang='lat' dir='ltr'><strong>tempus</strong></span> <span class='ocrx_word' id='word_1_160' title='bbox 2155 2221 2536 2306; x_wconf 79' lang='lat' dir='ltr'><strong>specialiter</strong></span> <span class='ocrx_word' id='word_1_161' title='bbox 2582 2223 2695 2288; x_wconf 90' lang='lat' dir='ltr'><strong>de-</strong></span> 
     </span>
     <span class='ocr_line' id='line_1_19' title="bbox 182 2278 2697 2411; baseline -0.001 -19"><span class='ocrx_word' id='word_1_162' title='bbox 182 2278 482 2392; x_wconf 47' lang='lat' dir='ltr'><strong>&amp;JK-gg,</strong></span> <span class='ocrx_word' id='word_1_163' title='bbox 508 2329 826 2410; x_wconf 91' lang='lat' dir='ltr'><strong>putatum</strong></span> <span class='ocrx_word' id='word_1_164' title='bbox 848 2325 1016 2411; x_wconf 85' lang='lat' dir='ltr'><strong>Legi</strong></span> <span class='ocrx_word' id='word_1_165' title='bbox 1036 2325 1353 2389; x_wconf 86' lang='lat' dir='ltr'><strong>Naturali</strong></span> <span class='ocrx_word' id='word_1_166' title='bbox 1375 2325 1595 2389; x_wconf 90' lang='lat' dir='ltr'><strong>tribus</strong></span> <span class='ocrx_word' id='word_1_167' title='bbox 1615 2324 1807 2389; x_wconf 91' lang='lat' dir='ltr'><strong>libris</strong></span> <span class='ocrx_word' id='word_1_168' title='bbox 1831 2324 2227 2410; x_wconf 84' lang='lat' dir='ltr'><strong>exegissem,</strong></span> <span class='ocrx_word' id='word_1_169' title='bbox 2248 2329 2317 2390; x_wconf 92' lang='lat' dir='ltr'><strong>et</strong></span> <span class='ocrx_word' id='word_1_170' title='bbox 2339 2324 2413 2387; x_wconf 92' lang='lat' dir='ltr'><strong>in</strong></span> <span class='ocrx_word' id='word_1_171' title='bbox 2428 2328 2697 2410; x_wconf 91' lang='lat' dir='ltr'><strong>tempus</strong></span> 
     </span>
     <span class='ocr_line' id='line_1_20' title="bbox 185 2409 2698 2514; baseline -0.001 -21"><span class='ocrx_word' id='word_1_172' title='bbox 185 2409 251 2458; x_wconf 79' lang='lat' dir='ltr'><strong>ed</strong></span> <span class='ocrx_word' id='word_1_173' title='bbox 274 2410 357 2458; x_wconf 79' lang='lat' dir='ltr'><strong>his</strong></span> <span class='ocrx_word' id='word_1_174' title='bbox 379 2425 461 2458; x_wconf 67' lang='lat'><strong>³⁰·</strong></span> <span class='ocrx_word' id='word_1_175' title='bbox 511 2429 889 2514; x_wconf 88' lang='lat' dir='ltr'><strong>specialiter</strong></span> <span class='ocrx_word' id='word_1_176' title='bbox 935 2429 1104 2514; x_wconf 89' lang='lat' dir='ltr'><strong>Legi</strong></span> <span class='ocrx_word' id='word_1_177' title='bbox 1155 2429 1349 2494; x_wconf 87' lang='lat' dir='ltr'><strong>Datae</strong></span> <span class='ocrx_word' id='word_1_178' title='bbox 1402 2429 1824 2513; x_wconf 88' lang='lat' dir='ltr'><strong>deputatum,</strong></span> <span class='ocrx_word' id='word_1_179' title='bbox 1874 2427 2132 2492; x_wconf 90' lang='lat' dir='ltr'><strong>duobus</strong></span> <span class='ocrx_word' id='word_1_180' title='bbox 2177 2427 2368 2492; x_wconf 89' lang='lat' dir='ltr'><strong>libris</strong></span> <span class='ocrx_word' id='word_1_181' title='bbox 2413 2427 2698 2513; x_wconf 90' lang='lat' dir='ltr'><strong>expletis</strong></span> 
     </span>
    </p>
   </div>
   <div class='ocr_carea' id='block_1_5' title="bbox 180 2475 2699 3033">
    <p class='ocr_par' dir='ltr' id='par_1_7' title="bbox 180 2475 2699 3033">
     <span class='ocr_line' id='line_1_21' title="bbox 183 2475 2698 2619; baseline -0 -23"><span class='ocrx_word' id='word_1_182' title='bbox 183 2475 461 2589; x_wconf 44' lang='grc' dir='ltr'><strong>ῗὲἓῑῧέτὶ-</strong></span> <span class='ocrx_word' id='word_1_183' title='bbox 510 2532 969 2599; x_wconf 87' lang='lat' dir='ltr'><strong>dimidiassem</strong></span> <span class='ocrx_word' id='word_1_184' title='bbox 996 2533 1142 2619; x_wconf 83' lang='lat' dir='ltr'><strong>jam</strong></span> <span class='ocrx_word' id='word_1_185' title='bbox 1168 2532 1474 2613; x_wconf 85' lang='lat' dir='ltr'><strong>tertium,</strong></span> <span class='ocrx_word' id='word_1_186' title='bbox 1504 2531 1807 2598; x_wconf 87' lang='lat' dir='ltr'><strong>natalitii</strong></span> <span class='ocrx_word' id='word_1_187' title='bbox 1853 2532 2149 2597; x_wconf 88' lang='lat' dir='ltr'><strong>solemne</strong></span> <span class='ocrx_word' id='word_1_188' title='bbox 2178 2531 2436 2597; x_wconf 78' lang='lat' dir='ltr'><strong>festum</strong></span> <span class='ocrx_word' id='word_1_189' title='bbox 2466 2531 2698 2596; x_wconf 88' lang='lat' dir='ltr'><strong>Domi-</strong></span> 
     </span>
     <span class='ocr_line' id='line_1_22' title="bbox 183 2605 2698 2719; baseline 0 -19"><span class='ocrx_word' id='word_1_190' title='bbox 183 2605 413 2719; x_wconf 59' lang='lat' dir='ltr'><strong>{ffiggaw</strong></span> <span class='ocrx_word' id='word_1_191' title='bbox 427 2620 483 2653; x_wconf 79' lang='lat'><strong>¹¹²</strong></span> <span class='ocrx_word' id='word_1_192' title='bbox 508 2637 647 2703; x_wconf 73' lang='lat' dir='ltr'><strong>uici</strong></span> <span class='ocrx_word' id='word_1_193' title='bbox 694 2658 819 2702; x_wconf 78' lang='lat' dir='ltr'><strong>nos</strong></span> <span class='ocrx_word' id='word_1_194' title='bbox 878 2637 1289 2702; x_wconf 74' lang='lat' dir='ltr'><strong>Dunelmum</strong></span> <span class='ocrx_word' id='word_1_195' title='bbox 1340 2637 1678 2702; x_wconf 65' lang='lat' dir='ltr'><strong>invitavit.</strong></span> <span class='ocrx_word' id='word_1_196' title='bbox 1768 2636 1906 2701; x_wconf 86' lang='lat' dir='ltr'><strong>Ubi</strong></span> <span class='ocrx_word' id='word_1_197' title='bbox 1965 2658 2118 2701; x_wconf 71' lang='lat' dir='ltr'><strong>oum</strong></span> <span class='ocrx_word' id='word_1_198' title='bbox 2177 2635 2570 2701; x_wconf 69' lang='lat' dir='ltr'><strong>alternatim</strong></span> <span class='ocrx_word' id='word_1_199' title='bbox 2629 2641 2698 2701; x_wconf 72' lang='lat' dir='ltr'><strong>et</strong></span> 
     </span>
     <span class='ocr_line' id='line_1_23' title="bbox 180 2735 2695 2827; baseline -0.001 -21"><span class='ocrx_word' id='word_1_200' title='bbox 180 2735 351 2785; x_wconf 83' lang='lat' dir='ltr'><strong>books.</strong></span> <span class='ocrx_word' id='word_1_201' title='bbox 509 2741 880 2806; x_wconf 87' lang='lat' dir='ltr'><strong>claustrum</strong></span> <span class='ocrx_word' id='word_1_202' title='bbox 920 2745 1218 2827; x_wconf 87' lang='lat' dir='ltr'><strong>peterem</strong></span> <span class='ocrx_word' id='word_1_203' title='bbox 1263 2744 1330 2807; x_wconf 93' lang='lat' dir='ltr'><strong>et</strong></span> <span class='ocrx_word' id='word_1_204' title='bbox 1369 2743 1708 2825; x_wconf 88' lang='lat' dir='ltr'><strong>repeterer</strong></span> <span class='ocrx_word' id='word_1_205' title='bbox 1747 2762 1789 2805; x_wconf 91' lang='lat' dir='ltr'><strong>a</strong></span> <span class='ocrx_word' id='word_1_206' title='bbox 1819 2739 2119 2818; x_wconf 91' lang='lat' dir='ltr'><strong>castell0,</strong></span> <span class='ocrx_word' id='word_1_207' title='bbox 2166 2742 2235 2805; x_wconf 92' lang='lat' dir='ltr'><strong>et</strong></span> <span class='ocrx_word' id='word_1_208' title='bbox 2277 2760 2457 2804; x_wconf 92' lang='lat' dir='ltr'><strong>nunc</strong></span> <span class='ocrx_word' id='word_1_209' title='bbox 2502 2739 2695 2804; x_wconf 88' lang='lat' dir='ltr'><strong>laetus</strong></span> 
     </span>
     <span class='ocr_line' id='line_1_24' title="bbox 180 2825 2697 2940; baseline -0.001 -31"><span class='ocrx_word' id='word_1_210' title='bbox 180 2825 417 2940; x_wconf 45' lang='lat'><strong>&amp;233⁶</strong></span> <span class='ocrx_word' id='word_1_211' title='bbox 507 2845 908 2910; x_wconf 78' lang='lat' dir='ltr'><strong>festinarem</strong></span> <span class='ocrx_word' id='word_1_212' title='bbox 968 2845 1055 2909; x_wconf 89' lang='lat' dir='ltr'><strong>ad</strong></span> <span class='ocrx_word' id='word_1_213' title='bbox 1112 2845 1502 2924; x_wconf 91' lang='lat' dir='ltr'><strong>monachos,</strong></span> <span class='ocrx_word' id='word_1_214' title='bbox 1562 2865 1744 2909; x_wconf 87' lang='lat' dir='ltr'><strong>nunc</strong></span> <span class='ocrx_word' id='word_1_215' title='bbox 1806 2842 2136 2908; x_wconf 82' lang='lat' dir='ltr'><strong>sollicitus</strong></span> <span class='ocrx_word' id='word_1_216' title='bbox 2203 2862 2550 2909; x_wconf 87' lang='lat' dir='ltr'><strong>revocarer</strong></span> <span class='ocrx_word' id='word_1_217' title='bbox 2610 2843 2697 2909; x_wconf 89' lang='lat' dir='ltr'><strong>ad</strong></span> 
     </span>
     <span class='ocr_line' id='line_1_25' title="bbox 184 2946 2699 3033; baseline -0 -21"><span class='ocrx_word' id='word_1_218' title='bbox 184 2956 309 3004; x_wconf 84' lang='lat' dir='ltr'><strong>Law</strong></span> <span class='ocrx_word' id='word_1_219' title='bbox 330 2956 387 3003; x_wconf 87' lang='lat' dir='ltr'><strong>in</strong></span> <span class='ocrx_word' id='word_1_220' title='bbox 507 2949 782 3029; x_wconf 89' lang='lat' dir='ltr'><strong>milites,</strong></span> <span class='ocrx_word' id='word_1_221' title='bbox 809 2951 1284 3032; x_wconf 89' lang='lat' dir='ltr'><strong>cantoremque</strong></span> <span class='ocrx_word' id='word_1_222' title='bbox 1316 2970 1515 3012; x_wconf 91' lang='lat' dir='ltr'><strong>suum</strong></span> <span class='ocrx_word' id='word_1_223' title='bbox 1545 2947 1850 3033; x_wconf 90' lang='lat' dir='ltr'><strong>gaudens</strong></span> <span class='ocrx_word' id='word_1_224' title='bbox 1879 2950 2386 3032; x_wconf 89' lang='lat' dir='ltr'><strong>recognosceret</strong></span> <span class='ocrx_word' id='word_1_225' title='bbox 2416 2946 2699 3011; x_wconf 88' lang='lat' dir='ltr'><strong>ecclesia</strong></span> 
     </span>
    </p>
   </div>
   <div class='ocr_carea' id='block_1_6' title="bbox 174 3020 2698 4280">
    <p class='ocr_par' dir='ltr' id='par_1_8' title="bbox 178 3020 2698 3554">
     <span class='ocr_line' id='line_1_26' title="bbox 182 3020 2698 3154; baseline -0.002 -35"><span class='ocrx_word' id='word_1_226' title='bbox 182 3022 278 3154; x_wconf 55' lang='grc' dir='ltr'><strong>ἓξ</strong></span> <span class='ocrx_word' id='word_1_227' title='bbox 288 3020 479 3154; x_wconf 47' lang='lat' dir='ltr'><strong>322¹}ss</strong></span> <span class='ocrx_word' id='word_1_228' title='bbox 507 3074 705 3137; x_wconf 91' lang='lat' dir='ltr'><strong>quem</strong></span> <span class='ocrx_word' id='word_1_229' title='bbox 754 3054 1128 3118; x_wconf 89' lang='lat' dir='ltr'><strong>multorum</strong></span> <span class='ocrx_word' id='word_1_230' title='bbox 1174 3052 1305 3117; x_wconf 90' lang='lat' dir='ltr'><strong>sibi</strong></span> <span class='ocrx_word' id='word_1_231' title='bbox 1356 3052 1770 3136; x_wconf 87' lang='lat' dir='ltr'><strong>provisorem</strong></span> <span class='ocrx_word' id='word_1_232' title='bbox 1829 3050 2102 3116; x_wconf 91' lang='lat' dir='ltr'><strong>curialis</strong></span> <span class='ocrx_word' id='word_1_233' title='bbox 2165 3049 2698 3134; x_wconf 90' lang='lat' dir='ltr'><strong>amplectebatur</strong></span> 
     </span>
     <span class='ocr_line' id='line_1_27' title="bbox 180 3152 2696 3247; baseline -0.001 -29"><span class='ocrx_word' id='word_1_234' title='bbox 180 3170 414 3247; x_wconf 55' lang='lat' dir='ltr'><strong>Duthm</strong></span> <span class='ocrx_word' id='word_1_235' title='bbox 503 3158 790 3238; x_wconf 81' lang='lat' dir='ltr'><strong>familia,</strong></span> <span class='ocrx_word' id='word_1_236' title='bbox 842 3156 1383 3223; x_wconf 79' lang='lat' dir='ltr'><strong>familiaritatem</strong></span> <span class='ocrx_word' id='word_1_237' title='bbox 1425 3155 1773 3240; x_wconf 92' lang='lat' dir='ltr'><strong>principis,</strong></span> <span class='ocrx_word' id='word_1_238' title='bbox 1823 3176 2117 3220; x_wconf 91' lang='lat' dir='ltr'><strong>amorem</strong></span> <span class='ocrx_word' id='word_1_239' title='bbox 2161 3152 2476 3233; x_wconf 89' lang='lat' dir='ltr'><strong>ecclesiae,</strong></span> <span class='ocrx_word' id='word_1_240' title='bbox 2537 3153 2696 3220; x_wconf 92' lang='lat' dir='ltr'><strong>cleri</strong></span> 
     </span>
     <span class='ocr_line' id='line_1_28' title="bbox 178 3249 2694 3350; baseline -0.002 -23"><span class='ocrx_word' id='word_1_241' title='bbox 178 3249 467 3350; x_wconf 48' lang='lat' dir='ltr'><strong>{ssffssssffit</strong></span> <span class='ocrx_word' id='word_1_242' title='bbox 504 3261 859 3349; x_wconf 84' lang='lat' dir='ltr'><strong>judicium,</strong></span> <span class='ocrx_word' id='word_1_243' title='bbox 889 3262 1192 3327; x_wconf 79' lang='lat' dir='ltr'><strong>favorem</strong></span> <span class='ocrx_word' id='word_1_244' title='bbox 1223 3261 1445 3338; x_wconf 87' lang='lat' dir='ltr'><strong>curiae,</strong></span> <span class='ocrx_word' id='word_1_245' title='bbox 1478 3262 1548 3325; x_wconf 90' lang='lat' dir='ltr'><strong>et</strong></span> <span class='ocrx_word' id='word_1_246' title='bbox 1576 3259 1848 3323; x_wconf 86' lang='lat' dir='ltr'><strong>laudem</strong></span> <span class='ocrx_word' id='word_1_247' title='bbox 1876 3258 2110 3343; x_wconf 90' lang='lat' dir='ltr'><strong>populi</strong></span> <span class='ocrx_word' id='word_1_248' title='bbox 2138 3278 2414 3324; x_wconf 91' lang='lat' dir='ltr'><strong>munere</strong></span> <span class='ocrx_word' id='word_1_249' title='bbox 2443 3257 2694 3322; x_wconf 85' lang='lat' dir='ltr'><strong>Divino</strong></span> 
     </span>
     <span class='ocr_line' id='line_1_29' title="bbox 183 3361 2690 3451; baseline -0.002 -21"><span class='ocrx_word' id='word_1_250' title='bbox 183 3365 377 3414; x_wconf 78' lang='lat' dir='ltr'><strong>Ohrist-</strong></span> <span class='ocrx_word' id='word_1_251' title='bbox 503 3366 675 3429; x_wconf 92' lang='lat' dir='ltr'><strong>mihi</strong></span> <span class='ocrx_word' id='word_1_252' title='bbox 696 3364 1165 3451; x_wconf 88' lang='lat' dir='ltr'><strong>multipliciter</strong></span> <span class='ocrx_word' id='word_1_253' title='bbox 1189 3363 1595 3443; x_wconf 90' lang='lat' dir='ltr'><strong>contributa,</strong></span> <span class='ocrx_word' id='word_1_254' title='bbox 1619 3362 1760 3427; x_wconf 79' lang='lat' dir='ltr'><strong>fuit</strong></span> <span class='ocrx_word' id='word_1_255' title='bbox 1782 3363 1899 3445; x_wconf 90' lang='grc'>(1111</span> <span class='ocrx_word' id='word_1_256' title='bbox 1917 3361 2208 3446; x_wconf 91' lang='lat' dir='ltr'><strong>simplici</strong></span> <span class='ocrx_word' id='word_1_257' title='bbox 2230 3361 2422 3427; x_wconf 89' lang='lat' dir='ltr'><strong>oculo</strong></span> <span class='ocrx_word' id='word_1_258' title='bbox 2443 3382 2690 3444; x_wconf 90' lang='lat' dir='ltr'><strong>nequa-</strong></span> 
     </span>
     <span class='ocr_line' id='line_1_30' title="bbox 179 3445 2693 3554; baseline -0.002 -20"><span class='ocrx_word' id='word_1_259' title='bbox 179 3445 305 3479; x_wconf 83' lang='lat' dir='ltr'><strong>mas.</strong></span> <span class='ocrx_word' id='word_1_260' title='bbox 506 3491 707 3553; x_wconf 91' lang='lat' dir='ltr'><strong>quam</strong></span> <span class='ocrx_word' id='word_1_261' title='bbox 728 3546 731 3549; x_wconf 36' lang='grc'><strong>,</strong></span> <span class='ocrx_word' id='word_1_262' title='bbox 751 3469 976 3554; x_wconf 86' lang='lat' dir='ltr'><strong>potuit</strong></span> <span class='ocrx_word' id='word_1_263' title='bbox 1018 3467 1263 3547; x_wconf 85' lang='lat' dir='ltr'><strong>videre,</strong></span> <span class='ocrx_word' id='word_1_264' title='bbox 1297 3466 1457 3550; x_wconf 91' lang='lat' dir='ltr'><strong>quia</strong></span> <span class='ocrx_word' id='word_1_265' title='bbox 1497 3466 1638 3529; x_wconf 84' lang='lat' dir='ltr'><strong>fuit</strong></span> <span class='ocrx_word' id='word_1_266' title='bbox 1670 3457 1786 3549; x_wconf 83' lang='lat' dir='ltr'><strong>qui</strong></span> <span class='ocrx_word' id='word_1_267' title='bbox 1827 3465 1967 3531; x_wconf 89' lang='lat' dir='ltr'><strong>ista</strong></span> <span class='ocrx_word' id='word_1_268' title='bbox 2007 3463 2241 3531; x_wconf 90' lang='lat' dir='ltr'><strong>videns</strong></span> <span class='ocrx_word' id='word_1_269' title='bbox 2285 3485 2426 3529; x_wconf 93' lang='lat' dir='ltr'><strong>non</strong></span> <span class='ocrx_word' id='word_1_270' title='bbox 2466 3465 2693 3550; x_wconf 88' lang='lat' dir='ltr'><strong>potuit</strong></span> 
     </span>
    </p>

    <p class='ocr_par' dir='ltr' id='par_1_9' title="bbox 174 3567 2691 4072">
     <span class='ocr_line' id='line_1_31' title="bbox 502 3567 2691 3653; baseline -0.002 -17"><span class='ocrx_word' id='word_1_271' title='bbox 502 3594 642 3637; x_wconf 91' lang='lat' dir='ltr'><strong>non</strong></span> <span class='ocrx_word' id='word_1_272' title='bbox 680 3571 1015 3639; x_wconf 86' lang='lat' dir='ltr'><strong>invidere.·</strong></span> <span class='ocrx_word' id='word_1_273' title='bbox 1091 3572 1189 3637; x_wconf 90' lang='lat' dir='ltr'><strong>Ut</strong></span> <span class='ocrx_word' id='word_1_274' title='bbox 1235 3572 1463 3637; x_wconf 88' lang='lat' dir='ltr'><strong>autem</strong></span> <span class='ocrx_word' id='word_1_275' title='bbox 1507 3569 1736 3653; x_wconf 88' lang='lat' dir='ltr'><strong>aliqua</strong></span> <span class='ocrx_word' id='word_1_276' title='bbox 1779 3567 1949 3632; x_wconf 84' lang='lat' dir='ltr'><strong>mihi</strong></span> <span class='ocrx_word' id='word_1_277' title='bbox 1994 3567 2427 3633; x_wconf 73' lang='lat' dir='ltr'><strong>conclamatae</strong></span> <span class='ocrx_word' id='word_1_278' title='bbox 2470 3567 2691 3632; x_wconf 89' lang='lat' dir='ltr'><strong>laudis</strong></span> 
     </span>
     <span class='ocr_line' id='line_1_32' title="bbox 178 3671 2690 3772; baseline -0.004 -28"><span class='ocrx_word' id='word_1_279' title='bbox 178 3696 223 3744; x_wconf 86' lang='lat' dir='ltr'>A</span> <span class='ocrx_word' id='word_1_280' title='bbox 246 3698 456 3772; x_wconf 56' lang='lat' dir='ltr'><strong>servant</strong></span> <span class='ocrx_word' id='word_1_281' title='bbox 503 3676 674 3761; x_wconf 90' lang='lat' dir='ltr'><strong>eripi</strong></span> <span class='ocrx_word' id='word_1_282' title='bbox 722 3676 1064 3740; x_wconf 88' lang='lat' dir='ltr'><strong>videretur</strong></span> <span class='ocrx_word' id='word_1_283' title='bbox 1112 3674 1420 3753; x_wconf 90' lang='lat' dir='ltr'><strong>materia,</strong></span> <span class='ocrx_word' id='word_1_284' title='bbox 1480 3693 1714 3737; x_wconf 87' lang='lat' dir='ltr'><strong>versus</strong></span> <span class='ocrx_word' id='word_1_285' title='bbox 1773 3675 2100 3756; x_wconf 92' lang='lat' dir='ltr'><strong>quotquot</strong></span> <span class='ocrx_word' id='word_1_286' title='bbox 2149 3672 2294 3757; x_wconf 86' lang='lat' dir='ltr'><strong>jam</strong></span> <span class='ocrx_word' id='word_1_287' title='bbox 2351 3671 2690 3737; x_wconf 86' lang='lat' dir='ltr'><strong>edideram</strong></span> 
     </span>
     <span class='ocr_line' id='line_1_33' title="bbox 177 3760 2690 3874; baseline -0.002 -28"><span class='ocrx_word' id='word_1_288' title='bbox 177 3775 365 3874; x_wconf 50' lang='lat' dir='ltr'><strong>ffissefl</strong></span> <span class='ocrx_word' id='word_1_289' title='bbox 388 3760 463 3809; x_wconf 80' lang='lat' dir='ltr'><strong>off</strong></span> <span class='ocrx_word' id='word_1_290' title='bbox 503 3780 854 3865; x_wconf 87' lang='lat' dir='ltr'><strong>surripuit,</strong></span> <span class='ocrx_word' id='word_1_291' title='bbox 885 3784 956 3846; x_wconf 91' lang='lat' dir='ltr'><strong>et</strong></span> <span class='ocrx_word' id='word_1_292' title='bbox 986 3801 1152 3864; x_wconf 88' lang='lat' dir='ltr'><strong>quos</strong></span> <span class='ocrx_word' id='word_1_293' title='bbox 1175 3778 1409 3845; x_wconf 86' lang='lat' dir='ltr'><strong>extolli</strong></span> <span class='ocrx_word' id='word_1_294' title='bbox 1437 3777 1700 3843; x_wconf 85' lang='lat' dir='ltr'><strong>viderat</strong></span> <span class='ocrx_word' id='word_1_295' title='bbox 1729 3777 1971 3862; x_wconf 91' lang='lat' dir='ltr'><strong>plausu</strong></span> <span class='ocrx_word' id='word_1_296' title='bbox 1991 3775 2299 3856; x_wconf 81' lang='lat' dir='ltr'><strong>favorali,</strong></span> <span class='ocrx_word' id='word_1_297' title='bbox 2322 3775 2586 3855; x_wconf 82' lang='lat' dir='ltr'><strong>fraude,</strong></span> <span class='ocrx_word' id='word_1_298' title='bbox 2605 3797 2690 3840; x_wconf 90' lang='grc'><strong>116</strong></span> 
     </span>
     <span class='ocr_line' id='line_1_34' title="bbox 174 3877 2690 3964; baseline -0.002 -14"><span class='ocrx_word' id='word_1_299' title='bbox 174 3889 370 3940; x_wconf 82' lang='lat' dir='ltr'><strong>rence’s</strong></span> <span class='ocrx_word' id='word_1_300' title='bbox 500 3885 688 3949; x_wconf 83' lang='lat' dir='ltr'><strong>furto</strong></span> <span class='ocrx_word' id='word_1_301' title='bbox 734 3884 975 3964; x_wconf 87' lang='lat' dir='ltr'><strong>dicam,</strong></span> <span class='ocrx_word' id='word_1_302' title='bbox 1021 3904 1144 3948; x_wconf 91' lang='lat' dir='ltr'><strong>nos</strong></span> <span class='ocrx_word' id='word_1_303' title='bbox 1197 3881 1571 3947; x_wconf 81' lang='lat' dir='ltr'><strong>substraxit</strong></span> <span class='ocrx_word' id='word_1_304' title='bbox 1618 3880 1943 3946; x_wconf 88' lang='lat' dir='ltr'><strong>ancillari.</strong></span> <span class='ocrx_word' id='word_1_305' title='bbox 2031 3880 2123 3943; x_wconf 84' lang='lat' dir='ltr'><strong>Et</strong></span> <span class='ocrx_word' id='word_1_306' title='bbox 2168 3877 2328 3962; x_wconf 89' lang='lat' dir='ltr'><strong>quid</strong></span> <span class='ocrx_word' id='word_1_307' title='bbox 2373 3899 2641 3964; x_wconf 87' lang='lat' dir='ltr'><strong>agerem</strong></span> <span class='ocrx_word' id='word_1_308' title='bbox 2658 3882 2690 3944; x_wconf 67' lang='lat'>9</span> 
     </span>
     <span class='ocr_line' id='line_1_35' title="bbox 179 3970 2690 4072; baseline -0.002 -20"><span class='ocrx_word' id='word_1_309' title='bbox 179 3970 345 4019; x_wconf 84' lang='lat' dir='ltr'><strong>poem.</strong></span> <span class='ocrx_word' id='word_1_310' title='bbox 501 3988 686 4052; x_wconf 91' lang='lat' dir='ltr'><strong>Num</strong></span> <span class='ocrx_word' id='word_1_311' title='bbox 735 3988 821 4052; x_wconf 91' lang='lat' dir='ltr'><strong>ad</strong></span> <span class='ocrx_word' id='word_1_312' title='bbox 871 3986 1212 4072; x_wconf 91' lang='lat' dir='ltr'><strong>exemplar</strong></span> <span class='ocrx_word' id='word_1_313' title='bbox 1262 4007 1672 4052; x_wconf 88' lang='lat' dir='ltr'><strong>recurrerem</strong></span> <span class='ocrx_word' id='word_1_314' title='bbox 1690 3987 1722 4049; x_wconf 68' lang='lat'>9</span> <span class='ocrx_word' id='word_1_315' title='bbox 1813 3983 1949 4047; x_wconf 83' lang='lat' dir='ltr'><strong>Sed</strong></span> <span class='ocrx_word' id='word_1_316' title='bbox 1995 3984 2239 4068; x_wconf 88' lang='lat' dir='ltr'><strong>praeter</strong></span> <span class='ocrx_word' id='word_1_317' title='bbox 2291 3980 2462 4045; x_wconf 90' lang='lat' dir='ltr'><strong>illud</strong></span> <span class='ocrx_word' id='word_1_318' title='bbox 2512 3984 2690 4066; x_wconf 91' lang='lat' dir='ltr'><strong>quod</strong></span> 
     </span>
    </p>

    <p class='ocr_par' dir='ltr' id='par_1_10' title="bbox 177 4087 2689 4280">
     <span class='ocr_line' id='line_1_36' title="bbox 501 4087 2689 4173; baseline -0.003 -16"><span class='ocrx_word' id='word_1_319' title='bbox 501 4093 908 4158; x_wconf 90' lang='lat' dir='ltr'><strong>subductum</strong></span> <span class='ocrx_word' id='word_1_320' title='bbox 939 4096 1044 4156; x_wconf 90' lang='lat' dir='ltr'><strong>est</strong></span> <span class='ocrx_word' id='word_1_321' title='bbox 1072 4090 1335 4154; x_wconf 90' lang='lat' dir='ltr'><strong>nullum</strong></span> <span class='ocrx_word' id='word_1_322' title='bbox 1366 4091 1534 4154; x_wconf 89' lang='lat' dir='ltr'><strong>erat.</strong></span> <span class='ocrx_word' id='word_1_323' title='bbox 1593 4089 1706 4152; x_wconf 89' lang='lat' dir='ltr'><strong>An</strong></span> <span class='ocrx_word' id='word_1_324' title='bbox 1732 4090 2043 4173; x_wconf 88' lang='lat' dir='ltr'><strong>surrepta</strong></span> <span class='ocrx_word' id='word_1_325' title='bbox 2070 4089 2440 4171; x_wconf 92' lang='lat' dir='ltr'><strong>repeterem</strong></span> <span class='ocrx_word' id='word_1_326' title='bbox 2458 4089 2490 4151; x_wconf 68' lang='lat'>9</span> <span class='ocrx_word' id='word_1_327' title='bbox 2554 4087 2689 4151; x_wconf 83' lang='lat' dir='ltr'><strong>Sed</strong></span> 
     </span>
     <span class='ocr_line' id='line_1_37' title="bbox 177 4188 2687 4280; baseline -0.007 -10"><span class='ocrx_word' id='word_1_328' title='bbox 177 4220 261 4271; x_wconf 82' lang='lat' dir='ltr'><strong>He</strong></span> <span class='ocrx_word' id='word_1_329' title='bbox 282 4221 407 4270; x_wconf 81' lang='lat' dir='ltr'><strong>does</strong></span> <span class='ocrx_word' id='word_1_330' title='bbox 502 4219 544 4262; x_wconf 91' lang='lat' dir='ltr'><strong>a</strong></span> <span class='ocrx_word' id='word_1_331' title='bbox 574 4218 704 4280; x_wconf 92' lang='lat' dir='ltr'><strong>quo</strong></span> <span class='ocrx_word' id='word_1_332' title='bbox 732 4197 861 4262; x_wconf 89' lang='lat' dir='ltr'><strong>hoc</strong></span> <span class='ocrx_word' id='word_1_333' title='bbox 889 4197 1183 4263; x_wconf 79' lang='lat' dir='ltr'><strong>facerem</strong></span> <span class='ocrx_word' id='word_1_334' title='bbox 1202 4198 1234 4260; x_wconf 73' lang='grc' dir='ltr'><strong>ἱ)</strong></span> <span class='ocrx_word' id='word_1_335' title='bbox 1292 4192 1480 4259; x_wconf 84' lang='lat' dir='ltr'><strong>Certi</strong></span> <span class='ocrx_word' id='word_1_336' title='bbox 1508 4192 1609 4256; x_wconf 97' lang='lat' dir='ltr'><strong>nil</strong></span> <span class='ocrx_word' id='word_1_337' title='bbox 1636 4188 2028 4278; x_wconf 86' lang='lat' dir='ltr'><strong>apparebat.</strong></span> <span class='ocrx_word' id='word_1_338' title='bbox 2088 4190 2202 4254; x_wconf 87' lang='lat' dir='ltr'><strong>An</strong></span> <span class='ocrx_word' id='word_1_339' title='bbox 2226 4189 2395 4254; x_wconf 90' lang='lat' dir='ltr'><strong>illud</strong></span> <span class='ocrx_word' id='word_1_340' title='bbox 2413 4210 2687 4274; x_wconf 90' lang='lat' dir='ltr'><strong>prorsus</strong></span> 
     </span>
    </p>
   </div>
   <div class='ocr_carea' id='block_1_7' title="bbox 176 4286 2686 4401">
    <p class='ocr_par' dir='ltr' id='par_1_11' title="bbox 176 4286 2686 4401">
     <span class='ocr_line' id='line_1_38' title="bbox 176 4286 2686 4401; baseline -0.006 -29"><span class='ocrx_word' id='word_1_341' title='bbox 176 4286 475 4401; x_wconf 44' lang='lat' dir='ltr'><strong>ss‘ffaffljss·</strong></span> <span class='ocrx_word' id='word_1_342' title='bbox 503 4301 889 4365; x_wconf 90' lang='lat' dir='ltr'><strong>omitterem</strong></span> <span class='ocrx_word' id='word_1_343' title='bbox 907 4303 939 4365; x_wconf 67' lang='lat'>9</span> <span class='ocrx_word' id='word_1_344' title='bbox 1030 4299 1165 4364; x_wconf 83' lang='lat' dir='ltr'><strong>Sed</strong></span> <span class='ocrx_word' id='word_1_345' title='bbox 1196 4318 1342 4364; x_wconf 91' lang='lat' dir='ltr'><strong>esse</strong></span> <span class='ocrx_word' id='word_1_346' title='bbox 1371 4319 1511 4362; x_wconf 95' lang='grc'>11011</span> <span class='ocrx_word' id='word_1_347' title='bbox 1538 4298 1810 4381; x_wconf 88' lang='lat' dir='ltr'><strong>poterat</strong></span> <span class='ocrx_word' id='word_1_348' title='bbox 1839 4298 1917 4359; x_wconf 94' lang='lat' dir='ltr'><strong>ut</strong></span> <span class='ocrx_word' id='word_1_349' title='bbox 1946 4293 2096 4380; x_wconf 89' lang='lat' dir='ltr'><strong>pari</strong></span> <span class='ocrx_word' id='word_1_350' title='bbox 2123 4294 2359 4358; x_wconf 80' lang='lat' dir='ltr'><strong>fructu</strong></span> <span class='ocrx_word' id='word_1_351' title='bbox 2387 4294 2518 4358; x_wconf 92' lang='lat' dir='ltr'><strong>tibi</strong></span> <span class='ocrx_word' id='word_1_352' title='bbox 2546 4314 2686 4360; x_wconf 92' lang='lat' dir='ltr'><strong>res-</strong></span> 
     </span>
    </p>
   </div>
   <div class='ocr_carea' id='block_1_8' title="bbox 500 4398 2691 4597">
    <p class='ocr_par' dir='ltr' id='par_1_12' title="bbox 500 4398 2691 4597">
     <span class='ocr_line' id='line_1_39' title="bbox 500 4398 2689 4490; baseline -0.004 -21"><span class='ocrx_word' id='word_1_353' title='bbox 500 4406 827 4490; x_wconf 87' lang='lat' dir='ltr'><strong>ponderet</strong></span> <span class='ocrx_word' id='word_1_354' title='bbox 863 4403 1077 4469; x_wconf 90' lang='lat' dir='ltr'><strong>amico</strong></span> <span class='ocrx_word' id='word_1_355' title='bbox 1115 4403 1292 4487; x_wconf 92' lang='lat' dir='ltr'><strong>quod</strong></span> <span class='ocrx_word' id='word_1_356' title='bbox 1323 4425 1365 4468; x_wconf 92' lang='lat' dir='ltr'><strong>a</strong></span> <span class='ocrx_word' id='word_1_357' title='bbox 1401 4423 1508 4467; x_wconf 93' lang='lat' dir='ltr'><strong>me</strong></span> <span class='ocrx_word' id='word_1_358' title='bbox 1538 4400 1722 4465; x_wconf 87' lang='lat' dir='ltr'><strong>visus</strong></span> <span class='ocrx_word' id='word_1_359' title='bbox 1768 4420 1838 4466; x_wconf 92' lang='lat' dir='ltr'><strong>es</strong></span> <span class='ocrx_word' id='word_1_360' title='bbox 1887 4398 2247 4484; x_wconf 80' lang='lat' dir='ltr'><strong>diligenter</strong></span> <span class='ocrx_word' id='word_1_361' title='bbox 2287 4401 2514 4483; x_wconf 91' lang='lat' dir='ltr'><strong>petere</strong></span> <span class='ocrx_word' id='word_1_362' title='bbox 2560 4418 2689 4481; x_wconf 93' lang='lat' dir='ltr'><strong>quo</strong></span> 
     </span>
     <span class='ocr_line' id='line_1_40' title="bbox 504 4500 2691 4597; baseline -0.006 -20"><span class='ocrx_word' id='word_1_363' title='bbox 504 4508 673 4577; x_wconf 89' lang='lat' dir='ltr'><strong>solet</strong></span> <span class='ocrx_word' id='word_1_364' title='bbox 717 4508 1024 4597; x_wconf 88' lang='lat' dir='ltr'><strong>agricolae</strong></span> <span class='ocrx_word' id='word_1_365' title='bbox 1070 4504 1385 4595; x_wconf 84' lang='lat' dir='ltr'><strong>quicquid</strong></span> <span class='ocrx_word' id='word_1_366' title='bbox 1423 4503 1499 4570; x_wconf 90' lang='lat' dir='ltr'><strong>in</strong></span> <span class='ocrx_word' id='word_1_367' title='bbox 1528 4525 1734 4573; x_wconf 88' lang='lat' dir='ltr'><strong>arena</strong></span> <span class='ocrx_word' id='word_1_368' title='bbox 1759 4503 2025 4572; x_wconf 82' lang='lat' dir='ltr'><strong>videtur</strong></span> <span class='ocrx_word' id='word_1_369' title='bbox 2054 4501 2451 4589; x_wconf 86' lang='lat' dir='ltr'><strong>insipienter</strong></span> <span class='ocrx_word' id='word_1_370' title='bbox 2494 4500 2691 4567; x_wconf 92' lang='lat' dir='ltr'><strong>semi-</strong></span> 
     </span>
    </p>
   </div>
  </div>
 </body>
</html>
