3308 5200
390 1658 438 1707 D
451 1673 537 1708 avi
518 1658 589 1707 i’d
592 1674 616 1709 s

397 1723 638 1773 invasion

397 1788 453 1837 of
482 1789 642 1838 York-

398 1854 554 1916 shire‚

397 2380 517 2431 And
548 2382 631 2432 his

397 2447 593 2497 defeat.

395 2978 496 3028 His
515 2994 626 3042 per-

395 3045 542 3094 sonal
574 3045 691 3094 bra-

391 3123 532 3172 very.

394 3738 478 3788 He
498 3738 543 3788 is
556 3753 690 3789 com-

392 3804 553 3866 pared
571 3808 627 3853 to

391 3867 427 3916 J
429 3869 559 3917 udas

394 3933 604 3982 Macha-

392 3997 535 4046 baeus

393 4063 499 4111 and
510 4062 688 4112 Dares.

735 529 820 605 74
1291 552 1640 603 Aaronom
1686 553 1978 613 omnum
2022 555 2321 607 ronncx.

987 707 1194 775 Curia
1219 705 1466 798 regalis
1494 714 1977 800 magnificabat
2006 736 2183 782 eum.

901 812 1058 879 Una
1084 814 1228 880 dies
1258 817 1466 881 solem
1493 816 1637 903 jam
1665 819 1873 886 vertit
1902 820 1990 885 ad
2017 820 2521 900 arcitenentem‚

987 916 1161 983 Oum
1185 920 1485 1004 portavit
1513 921 1578 987 ei
1605 923 1813 988 missa
1843 924 2099 1009 sagitta
2127 944 2381 991 necem.
3028 927 3113 991 10

727 1244 812 1288 111
818 1246 1179 1291 .-111611>1’1·
1224 1248 1619 1294 nnscmrno
1667 1231 2033 1296 snnmms*
2076 1252 2405 1313 mousom,
2450 1248 2733 1294 rau-ms
2783 1246 2908 1290 BA-

897 1334 1102 1378 numn
1160 1334 1440 1380 Amans
1496 1338 1586 1382 nn
1647 1339 1935 1399 ruffino,
1995 1340 2086 1383 nn
2145 1340 2359 1383 sunno
2416 1338 2624 1383 mma
2672 1336 2910 1380 312¹.ch

900 1420 1141 1573 ῗιέεὲἷῗ
1185 1423 1269 1466 m·
1311 1423 1615 1469 maome
1658 1426 1944 1472 suanm.
1947 1406 2221 1492 -[MS.
2261 1406 2329 1473 0.
2334 1406 2402 1472 0.
2408 1405 2475 1472 Ο.
2517 1405 2592 1470 F.
2640 1402 2906 1483 cxxxix,

896 1675 1117 1739 David
1145 1675 1259 1741 ille
1287 1699 1495 1743 manu
1521 1678 1724 1745 fortis
1751 1684 2096 1766 sceptrum
2122 1683 2362 1747 tenens
2396 1679 2790 1759 Scotticum,

892 1778 1330 1845 Armatorum
1358 1782 1575 1847 multa
1601 1804 1811 1847 manu
1837 1804 2124 1868 regnum
2151 1783 2370 1848 intrat
2399 1783 2800 1869 Anglicum:

772 1917 773 1920 ¹
896 1882 1028 1947 Sed
1058 1905 1211 1948 cum
1240 1884 1486 1970 Tysam
1514 1889 1752 1952 contra
1780 1908 1977 1951 suum
2005 1887 2257 1952 transit
2283 1887 2761 1966 infortunium,

893 1984 1109 2066 Quem
1137 1986 1398 2052 invadit
1428 1988 1541 2053 vix
1568 1989 1785 2055 evasit
1816 1990 2148 2075 Stephani
2178 1991 2672 2056 standardium.
3049 2057 3054 2062 .

891 2089 997 2153 Ex
1025 2090 1302 2157 adverso
1331 2112 1622 2175 namque
1652 2093 1824 2158 situs
1854 2094 2137 2179 belliger
2167 2095 2623 2175 standardius,
3072 2105 3113 2169 5

891 2193 1255 2259 Eminebat
1285 2195 1771 2282 circumseptus
1802 2197 2097 2263 strenuis
2127 2198 2481 2263 militibus.

895 2296 1115 2362 Scotti
1145 2319 1297 2363 vero
1328 2299 1490 2362 dum
1519 2302 1892 2385 grassando
1922 2302 2211 2366 efferant
2240 2300 2645 2382 immaniter,

891 2400 1000 2465 Ad
1030 2422 1463 2487 congressum
1489 2403 1650 2468 belli
1678 2404 1970 2489 primum
2010 2408 2206 2491 terga
2234 2408 2512 2471 vertunt
2539 2404 2814 2491 pariter.

891 2504 1136 2570 Truces
1169 2526 1429 2590 quoque
1459 2506 1904 2574 Gawedenses
1934 2507 2362 2574 tremebundi
2386 2507 2688 2594 fugiunt,

889 2611 983 2674 Et
1024 2631 1189 2694 quas
1218 2609 1405 2696 prius
1436 2612 1826 2678 extulerunt
1857 2613 2087 2678 caudis
2124 2616 2321 2678 nates
2364 2614 2836 2700 comprimunt.
3026 2627 3113 2692 10

894 2713 1090 2778 Solus
1120 2713 1233 2780 ille
1261 2736 1472 2779 manu
1497 2714 1703 2781 fortis
1732 2717 1966 2802 paucis
1998 2738 2154 2782 cum
2178 2716 2512 2782 militibus

891 2817 1327 2884 Confidenter
1354 2818 1554 2884 haesit
1583 2840 1822 2904 campo
1851 2823 2180 2905 tanquam
2208 2821 2314 2886 leo
2344 2820 2728 2886 Parthicus.

889 2922 1071 2986 Nam
1098 2920 1335 2987 hostili
1363 2921 1546 2988 ferro
1575 2923 1750 2988 mori
1777 2927 1968 2989 ratus
1998 2929 2104 2990 est
2130 2925 2509 3006 honestius,

891 3025 1112 3106 Quam
1141 3045 1375 3090 cruore
1405 3048 1546 3091 non
1575 3027 1789 3093 effuso
1821 3028 1981 3093 dare
2009 3032 2281 3114 tergum
2309 3028 2641 3094 hostibus.

889 3130 1087 3196 Unde
1115 3150 1335 3195 moras
1367 3131 1599 3196 cedere
1627 3153 1841 3216 usque
1871 3132 2252 3198 dimicando
2281 3133 2541 3213 nexuit,
3024 3149 3113 3214 15

888 3235 1121 3300 Donec
1150 3235 1289 3299 suis
1318 3234 1570 3320 passim
1600 3235 1787 3301 caesis
1816 3257 2005 3322 paene
2034 3235 2240 3302 morti
2267 3237 2515 3322 patuit,

889 3339 983 3402 Et
1004 3341 1171 3403 tunc
1194 3332 1496 3423 quamvis
1519 3340 1764 3405 Martis
1788 3339 2099 3405 dextram
2121 3359 2260 3405 non
2281 3340 2470 3426 fugit
2493 3343 2573 3404 ut
2585 3338 2903 3421 'timidu8,

892 3441 1027 3506 Sed
1056 3464 1208 3508 cum
1235 3442 1464 3507 hostes
1494 3441 1939 3527 praevalerent
1967 3442 2213 3508 vitavit
2239 3446 2322 3508 ut
2349 3443 2693 3529 providus.

891 3545 1024 3627 Sic,
1056 3545 1175 3625 sic,
1206 3545 1251 3609 J
1251 3546 1421 3610 udas
1452 3545 1882 3612 Machabaeus
1915 3545 2193 3612 divertit
2220 3568 2262 3612 a
2288 3547 2541 3632 praeli0‚

889 3649 1062 3714 Cum
1091 3647 1311 3714 Lisias
1340 3648 1733 3733 praevaleret
1758 3671 2074 3736 pugnans
2102 3670 2225 3736 pro
2254 3650 2595 3716 Antiocho
2618 3658 2680 3723 =†
3024 3673 3112 3736 20

891 3754 1110 3838 Supra
1136 3752 1310 3818 vires
1344 3752 1587 3838 quippe
1608 3774 1765 3819 suas
1794 3754 2023 3820 volens
2050 3776 2352 3840 pugnam
2380 3755 2644 3836 ducere,

889 3857 1027 3922 Par
1054 3859 1160 3922 est
1186 3859 1268 3921 ut
1298 3856 1446 3941 quis
1476 3857 1663 3922 ultus
1692 3857 1858 3924 velit
1884 3857 2125 3923 mortis
2154 3879 2424 3944 poenam
2454 3858 2728 3925 solvere.

889 3960 1132 4027 Refert
1160 3961 1355 4027 Maro
1386 3961 1565 4045 quod
1595 3981 1751 4026 cum
1780 3962 1996 4027 Dares
2026 3962 2283 4028 viribus
2311 3983 2452 4027 non
2480 3966 2814 4048 parceret,

889 4066 1095 4131 Hunc
1115 4065 1428 4130 Entellus
1451 4064 1680 4129 factus
1711 4086 1917 4131 senex
1946 4087 2101 4131 cum
2130 4067 2394 4132 cautela
2420 4068 2784 4150 vinceret.‡

889 4168 1281 4254 Corporales
1313 4189 1574 4253 quoque
1601 4167 1777 4235 vires
1808 4191 1961 4235 cum
1989 4170 2237 4236 mentis
2266 4170 2570 4253 audacia,
3021 4196 3107 4260 25

889 4274 1120 4339 Minus
1151 4275 1354 4339 erunt
1383 4273 1681 4339 efficaces
1713 4273 1861 4339 sine
1891 4273 2022 4340 Dei
2051 4273 2297 4361 gratia.

810 4427 841 4460 *
875 4427 953 4478 Of.
973 4428 1105 4478 Pref.
1119 4430 1174 4476 to
1195 4429 1225 4456 ‘⁸
1242 4426 1537 4477 Memorials
1555 4427 1610 4476 of
1631 4424 1920 4479 Fountains
1935 4428 2166 4492 Abbey,'’
2191 4428 2243 4490 i.,
2264 4443 2350 4494 pp.
2371 4429 2480 4491 viii,
2501 4428 2573 4481 ix.
2606 4429 2729 4480 This
2750 4445 2901 4495 poem

714 4517 759 4568 is
781 4510 987 4576 printed
1007 4510 1063 4559 in
1085 4509 1351 4573 Twysden‚
1374 4509 1472 4559 col.
1495 4509 1607 4559 331.

812 4594 842 4663 γ
877 4595 901 4643 1
929 4592 1062 4643 Mac.
1083 4590 1155 4641 vi.
2022 4591 2053 4661 ‡
2087 4591 2211 4646 AEn.
2233 4607 2281 4646 v.
