3308 5200
1184 549 1685 597 nmnnnms.
1775 551 1982 597 11131111
2025 553 2119 597 nr.
2151 605 2155 610 ,
2657 531 2735 597 61

809 703 1147 789 Quicquid
1175 709 1244 772 01,
1274 705 1540 790 optabis
1570 704 1717 771 vita
1744 705 1946 771 beata
1974 705 2166 771 dabit
2197 732 2213 771 ε

724 807 889 874 Vita,
915 809 1117 875 beata
1144 810 1397 874 bonum
1427 810 1619 875 dabit
1648 829 1847 874 omne
1877 811 2056 894 quod
2083 809 2304 875 omnis
2336 811 2613 890 amabit,
2812 806 2938 872 525

807 913 956 992 Est,
989 917 1093 979 est
1123 933 1410 997 namque
1440 913 1594 998 pius
1624 913 1770 978 viba
1795 914 1997 979 beata
2025 915 2210 979 Deus
2237 938 2253 979 ε

721 1013 813 1081 Et
843 1016 1137 1082 cinerem
1167 1018 1450 1102 superis,
1481 1017 1954 1102 hominemque
1978 1018 2124 1083 Deo
2156 1017 2418 1099 sociari,

806 1122 899 1186 Et
929 1123 1073 1186 sine
1103 1122 1237 1187 fine
1265 1121 1427 1203 frui,
1459 1122 1642 1206 quid,
1673 1143 1927 1206 precor,
1960 1143 2107 1188 esse
2135 1127 2338 1208 putas
2355 1124 2389 1187 9

723 1225 925 1306 Quid,
954 1246 1142 1310 rog0,
1174 1246 1312 1290 non
1338 1224 1591 1310 poterit
1621 1225 1738 1309 qui
1766 1225 2069 1311 possidet
2097 1224 2650 1310 Omnipotentem
2670 1227 2704 1290 9

808 1328 990 1410 Quid
1018 1329 1317 1395 deforme
1345 1328 1524 1396 feret
1553 1328 1664 1393 cui
1693 1329 1915 1395 Decor
1942 1330 2103 1415 Ipse
2131 1329 2320 1394 favet
2338 1331 2372 1394 ἱ)
2814 1328 2940 1393 530

723 1432 904 1514 Quid
931 1432 1191 1499 nescire
1221 1436 1451 1518 potest
1481 1433 1596 1517 qui
1625 1432 1757 1498 scit
1782 1432 1928 1518 jam
1957 1436 2202 1498 cuncta
2233 1432 2577 1499 scientem
2596 1434 2630 1497 9

809 1536 975 1617 Quis
1007 1540 1232 1621 gemet
1261 1539 1512 1603 aeterno
1541 1537 1813 1601 vinctus
1846 1558 2071 1602 amore
2097 1538 2275 1602 bono
2298 1538 2330 1602 p
2577 1536 2743 1619 [1,111,

722 1640 937 1706 Dulce
964 1641 1216 1705 bonum
1246 1641 1431 1706 Deus
1461 1644 1586 1721 est,
1628 1640 1844 1721 Quem
1874 1641 2174 1726 quisquis
2217 1640 2465 1707 habere
2503 1659 2716 1705 mere-

807 1745 1037 1809 Unum
1064 1765 1337 1829 prorsus
1366 1744 1623 1810 habens
1654 1766 1852 1811 omne
1882 1746 2060 1830 quod
2091 1747 2286 1830 optat
2313 1744 2543 1810 habet.

723 1849 904 1913 Nam
935 1848 1096 1933 quid
1128 1848 1319 1914 abest
1351 1849 1531 1932 quod
1563 1850 1799 1915 adesse
1828 1848 2014 1929 velit,
2048 1849 2158 1914 cui
2187 1849 2332 1913 vita
2358 1846 2694 1933 voluptas,
2815 1849 2940 1913 535

806 1951 985 2016 Urbs
1017 1951 1273 2032 caelum,
1306 1972 1525 2018 comes
1555 1956 1661 2016 est
1692 1953 1993 2038 angelus,
2027 1973 2171 2018 esse
2203 1951 2385 2017 salus
2403 1954 2436 2016 ἱ)

724 2054 938 2140 Cujus
970 2077 1138 2141 opus
1167 2055 1466 2136 laudare,
1498 2055 1688 2121 cibus
1722 2076 2142 2141 cognoscere,
2174 2055 2401 2121 fervor

807 2160 1093 2224 Prorsus
1126 2180 1371 2240 amare,
1406 2160 1609 2226 decus
1642 2180 1904 2245 semper
1931 2160 2180 2226 habere
2211 2160 2453 2225 Deum.

721 2263 873 2330 Hoc
896 2264 1099 2331 decus
1128 2264 1286 2349 Ipse
1313 2265 1521 2344 Deus,
1551 2264 1739 2331 Deus
1772 2264 2285 2349 omnipotenhia,
2316 2263 2510 2328 nobis

808 2369 945 2434 Det
974 2368 1107 2449 Qui
1135 2368 1306 2435 velle
1337 2368 1546 2448 dedit,
1579 2368 1795 2433 dulcis
1826 2372 1896 2432 01,
1925 2367 2083 2452 Ipse
2115 2367 2347 2432 dabih:
2814 2371 2940 2435 540

721 2471 959 2536 Dulcis
988 2472 1170 2538 enim
1197 2472 1382 2538 Deus
1412 2475 1539 2551 est,
1572 2471 1789 2538 ditare
1816 2475 2096 2556 paratus
2128 2491 2397 2556 egenos,

812 2575 1028 2641 Solari
1057 2575 1337 2642 miseros
1368 2578 1438 2642 et
1466 2597 1778 2661 reparare
1807 2596 1956 2642 reos
1981 2602 2001 2655 3

722 2672 1141 2766 Aversosque
1172 2701 1440 2759 vocans,
1472 2700 1828 2745 conversos
1860 2680 2075 2759 audit,
2106 2700 2475 2763 amansque

809 2784 994 2865 Quos
1023 2787 1209 2850 creat
1236 2784 1419 2848 hunc
1446 2784 1669 2869 11111111,
1702 2784 1820 2850 3οᾱ
1849 2783 1986 2848 cito
2013 2782 2233 2868 parcit
2262 2783 2399 2863 eis3

722 2888 955 2955 Parcit
982 2888 1230 2972 ubique
1259 2888 1437 2973 pius,
1468 2888 1690 2972 parcit
1717 2891 1911 2972 patre
1942 2887 2203 2953 dulcior
2231 2887 2436 2967 omni,
2814 2892 2940 2956 545

809 2992 1042 3058 Parcit
1072 2992 1264 3058 dulce
1295 2992 1487 3072 satis,
1517 3012 1790 3076 parcere
1822 3013 2082 3077 semper
2111 2992 2391 3057 habens.

727 3097 836 3163 Sic
866 3099 936 3165 01,
964 3097 1280 3164 Ρ3,1·00111·,1
1308 3095 1715 3175 benedictio,
1748 3096 1992 3180 gratia,
2024 3095 2262 3175 virtus,

808 3200 1063 3280 Gloria,
1093 3199 1256 3280 vita,
1290 3200 1492 3280 salus,
1524 3199 1674 3264 laus
1705 3199 1797 3264 sit
1827 3203 1896 3267 01,
1919 3198 2134 3265 omnis
2163 3199 2284 3264 Ei!

1554 3311 1790 3376 Amne
