3308 5200
728 474 815 541 38

1471 493 1751 541 DIALOGI
1793 492 2163 542 ulmum

900 647 1180 734 Cogitat
1206 650 1335 715 hoc
1365 648 1542 734 quod
1570 650 1635 714 ei
1666 649 1932 714 sublata
1961 646 2344 728 Britannia,
2374 664 2623 710 nomen

986 753 1337 818 Mutuat·a
1365 753 1561 819 nobis
1589 753 1864 838 Anglia,
1895 772 2020 816 nos
2050 754 2122 817 et
2142 751 2370 816 habet.

902 856 975 922 Si
1001 860 1304 923 veterum
1334 877 1589 922 memor
1617 877 1764 922 esse
1792 855 2031 936 velim3
2080 856 2198 920 sed
2225 854 2377 940 plus
2407 850 2578 915 mihi
2606 849 2846 935 lingua

988 959 1192 1025 Auris
1219 961 1365 1046 jam
1391 959 1634 1045 prurit,
1668 960 1974 1043 donaque
2005 961 2202 1044 grata
2232 955 2457 1041 cupit:

903 1063 1070 1144 Quis
1099 1084 1449 1150 procerum
1476 1066 1773 1128 vestram
1801 1064 1988 1127 vobis
2016 1059 2418 1148 patefecerit
2438 1058 2673 1123 urbem

988 1167 1204 1232 Nosse
1231 1170 1413 1253 peto,
1501 1166 1625 1231 Ph.
1673 1168 2033 1232 Procerum
2061 1165 2288 1230 nullus
2318 1164 2391 1228 id
2418 1161 2562 1247 egit
2590 1181 2778 1245 opus.

905 1270 1092 1355 Saepe
1119 1273 1352 1335 tamen
1382 1269 1512 1335 sibi
1542 1270 1821 1355 quisque
1852 1270 2132 1335 studens
2160 1289 2282 1354 pro
2309 1267 2565 1333 viribus
2595 1263 2758 1350 egit,

985 1374 1152 1459 Egit
1177 1377 1259 1439 ut
1286 1374 1493 1459 hujus
1525 1375 1589 1439 ei
1619 1376 1884 1440 cederet
1913 1374 2099 1438 urbis
2129 1393 2320 1457 apex.

902 1478 989 1543 Se
1017 1478 1188 1542 mihi
1215 1477 1621 1564 promittens
1649 1499 1773 1564 pro
1803 1498 1874 1543 se
1904 1477 2233 1563 vigilabat
2260 1475 2516 1540 amicus

984 1581 1117 1649 Ore
1144 1581 1335 1662 mihi,
1367 1581 1632 1646 studuit
1661 1584 1889 1646 mente
1920 1600 2256 1665 manuque
2285 1578 2436 1643 sibi.

900 1685 1035 1751 Sed
1062 1707 1182 1751 rex
1211 1688 1283 1750 et
1310 1706 1639 1771 proceres,
1672 1685 1790 1750 sed
1820 1684 2012 1750 miles
2044 1688 2116 1750 et
2143 1705 2353 1764 arma,
2385 1682 2505 1748 sed
2533 1703 2685 1763 aera,

982 1791 1075 1854 Et
1102 1790 1294 1855 fraus
1325 1789 1608 1855 effectus
1637 1789 1751 1855 hic
1779 1789 2075 1854 habuere
2103 1809 2320 1874 pares.

895 1893 1144 1959 Pectus
1175 1893 1432 1979 grande
1460 1892 1595 1957 feri
1623 1893 1753 1958 sibi
1782 1893 1937 1958 risit
1966 1893 2054 1958 ad
2083 1893 2219 1958 ista
2249 1890 2546 1971 Cumini,

981 1997 1115 2064 Cor
1143 1996 1474 2082 siquidem
1501 1997 1732 2062 fuerat
1761 2018 2035 2082 corpore
2064 1998 2288 2084 majus
2318 1995 2403 2062 ei.

897 2101 1010 2167 Sic
1038 2101 1157 2167 ubi
1185 2122 1323 2182 rex,
1356 2100 1474 2165 ubi
1502 2100 1633 2183 lex,
1666 2101 1785 2166 ubi
1814 2102 1969 2182 dux,
2001 2100 2120 2165 ubi
2150 2101 2361 2181 MarS,
2391 2099 2511 2163 ubi
2538 2118 2807 2178 munus,

977 2204 1272 2286 Decidit,
1303 2204 1566 2271 accedit
1597 2204 1859 2285 Gratia,
1891 2225 2164 2288 remque
2191 2204 2388 2269 facit.

893 2307 1136 2374 Gratia
1165 2309 1309 2374 sola
1338 2308 1470 2373 Dei
1496 2308 1645 2373 fera
1675 2308 1953 2394 mitigat
1984 2330 2171 2373 arma
2200 2307 2495 2387 Oumini,

978 2411 1285 2498 Mitigat,
1317 2414 1388 2477 et
1415 2415 1642 2477 totum
1672 2412 1916 2478 Gratia
1942 2416 2169 2477 mutat
2199 2433 2375 2477 eum.
2800 2499 2805 2504 θ

891 2515 1092 2602 Agno
1120 2518 1346 2581 mutat
1374 2536 1635 2602 aprum,
1665 2515 2066 2581 Palinurum
2094 2516 2318 2603 fruge,
2349 2515 2715 2581 Cuminum

976 2619 1362 2706 Pigmento,
1392 2642 1751 2706 rampnum
1780 2620 1941 2702 vite,
1970 2642 2231 2686 venena
2260 2641 2444 2685 mero
2468 2646 2488 2700 3

891 2724 1126 2807 Deque
1155 2724 1426 2788 Nerone
1454 2723 1673 2806 Titus,
1706 2723 1879 2789 Cato
1908 2726 1991 2789 de
2024 2724 2295 2805 Sinone,
2326 2722 2645 2789 Metellus

977 2829 1081 2893 De
1110 2827 1332 2893 Mario
1360 2848 1483 2912 per
1511 2848 1684 2909 eam,
1717 2828 1931 2913 deque
1959 2828 2111 2893 fera
2139 2830 2220 2892 fit
2247 2828 2472 2893 homo,

890 2920 1037 2996 Nec
1064 2951 1253 2995 mora
1278 2957 1295 2996 ε
1341 2930 1525 2997 dives
1556 2952 1760 3016 opum
1787 2952 1910 2997 nos
1942 2935 2183 3017 sponte
2210 2931 2477 2997 vocavit
2506 2950 2795 3016 egenos3

977 3034 1410 3116 Distulimus,
1442 3035 1783 3118 queritur3
1829 3035 2157 3116 venimus,
2188 3057 2376 3101 arma
2401 3035 2595 3122 jacit.

892 3139 1195 3220 Fastum,
1226 3139 1427 3219 celsa,
1460 3139 1685 3219 decuS,
1715 3140 1934 3224 ponit,
1966 3139 2276 3220 dediscit,
2307 3139 2671 3221 abhorret;

975 3242 1023 3306 J
1023 3264 1169 3323 ura,
1200 3243 1498 3324 modum,
1529 3242 1819 3323 veniam,
1851 3243 2188 3326 convenit,
2219 3245 2435 3323 ardet,
2469 3246 2645 3308 avet.

889 3345 1226 3430 Vesteque
1254 3366 1414 3409 mox
1440 3367 1693 3411 vacuus
1725 3347 2019 3428 dorsum,
2048 3347 2374 3433 virgaque
2402 3347 2702 3433 repletus

974 3448 1304 3514 Dextram
1332 3448 1522 3514 venit
1549 3449 1790 3531 hom03
1835 3450 1982 3516 laus
2014 3452 2105 3515 sit
2133 3451 2481 3536 honorque
2510 3452 2679 3516 Deo.

890 3552 1002 3618 Sic
1030 3551 1327 3633 venienS,
1359 3552 1757 3637 veniamque
1784 3557 2047 3638 petens,
2077 3575 2201 3640 pro
2240 3557 2544 3640 tempore
2571 3554 2795 3636 mites,

971 3655 1237 3740 Proque
1265 3655 1413 3721 loco
1440 3655 1763 3740 placidos,
1793 3678 1917 3742 pro
1947 3657 2214 3724 ratione
2242 3659 2414 3744 pios,

889 3760 982 3823 Et
1010 3779 1134 3843 pro
1162 3779 1452 3844 persona
1481 3780 1604 3824 nos
1635 3760 1934 3846 repperit
1961 3761 2107 3846 ipse
2135 3764 2472 3846 potentes,

977 3862 1320 3947 Virgaque
1352 3883 1504 3927 cum
1533 3862 1774 3928 baculo
1804 3884 1961 3927 mox
1988 3863 2353 3930 adhibetur
2380 3865 2463 3931 ei.

892 3965 1105 4051 Virga
1131 3964 1318 4045 ferit,
1349 3963 1628 4030 baculus
1660 3968 2024 4048 sustentat,
2057 3970 2129 4032 et
2157 3968 2323 4034 urbe
2352 3969 2589 4035 relicta

978 4068 1145 4132 Post
1172 4067 1316 4133 haec
1344 4069 1490 4153 ipse
1517 4069 1752 4153 procul
1780 4073 2021 4154 sponte
2048 4072 2395 4156 profectus
2426 4074 2591 4138 abit.

890 4170 1113 4235 Multa
1141 4170 1328 4236 brevi
1358 4170 1678 4236 cohibens
1708 4192 1783 4236 os
1814 4172 2145 4258 lampadis
2175 4195 2289 4240 ore
2318 4178 2632 4258 rotund0‚

977 4275 1074 4339 Ut
1104 4294 1272 4354 reor,
1298 4274 1388 4338 ad
1413 4276 1672 4354 votum,
1695 4274 1919 4354 Petre,
1948 4277 2171 4362 petita
2200 4279 2410 4345 dedit.
2479 4281 2899 4366 [accipientiz

892 4377 1127 4441 Laudo
1171 4377 1413 4442 virum.
1501 4378 1580 4442 L.
1634 4377 1837 4460 Quid,
1888 4401 2129 4464 quaeso,
2190 4382 2428 4448 datum
2445 4385 2477 4449 9
2564 4385 2646 4450 Ρ.
2692 4385 2903 4452 Dedit

976 4479 1276 4545 Dantem
1303 4479 1530 4561 laud0,
1561 4480 1801 4546 datum
1829 4483 2057 4565 miror,
2089 4484 2450 4572 utrumque
2477 4489 2709 4573 probo·

717 4585 797 4651 L.
886 4584 980 4653 Et
1008 4583 1171 4671 quid
1199 4583 1466 4650 miraris
1488 4585 1523 4650 i>
1609 4584 1691 4650 Ρ.
1738 4584 2087 4653 Mutatum
2117 4593 2359 4675 sponte
2388 4590 2755 4658 Cuminum

2988 1069 3119 1134 225

2987 1594 3113 1656 230

2983 2115 3111 2180 235

2980 3161 3109 3225 245

2978 3681 3108 3747 250

2979 4205 3107 4270 255
