3308 5200
909 1050 1377 1127 INCIPIT
1475 1051 1845 1127 LIBER
1944 1051 2402 1130 PRIMUS

1185 1259 2133 1404 mALoeoRuM
2562 1414 2565 1418 Α

566 1540 1470 1650 LAURENTH
1572 1541 2747 1651 DUNELMENSIS.

240 2129 288 2178 A
302 2129 529 2196 descrip-
566 2095 646 2159 Ρ.
736 2093 1074 2175 Carmina,
1105 2095 1450 2175 Laurenti,
1490 2117 1667 2161 nova
1692 2118 1873 2162 nunc
1902 2098 2245 2164 renovatio
2272 2119 2516 2178 rerum,

241 2194 355 2271 5⁰¹².
374 2196 432 2245 ⁰f
824 2200 916 2264 Et
944 2200 1148 2280 nitor,
1182 2203 1251 2266 et
1282 2198 1557 2284 species,
1588 2204 1659 2267 et
1689 2205 1909 2267 status
1939 2202 2084 2287 ipse
2111 2205 2376 2287 petunt.

244 2260 448 2374 {gffessg‘
737 2303 1067 2391 Conjugis
1096 2305 1170 2369 in
1199 2307 1529 2389 gremium
1555 2305 1848 2371 fecundo
1876 2305 2144 2391 Jupiter
2170 2306 2381 2373 imbre

242 2390 522 2508 fflffig·
821 2408 1162 2491 Provenit,
1194 2415 1263 2478 et
1289 2412 1474 2478 fetus
1504 2411 1663 2476 huic
1695 2404 1989 2475 sociatus
2018 2409 2163 2475 alit.

736 2512 892 2578 Flat
922 2513 1289 2599 Zephyrus,
1316 2515 1433 2581 sed
1462 2519 1531 2581 et
1560 2536 1722 2579 arva
1749 2513 1937 2578 sinus
1966 2513 2309 2598 tepefacta
2334 2512 2662 2593 relaxant,
2907 2529 2948 2594 5

822 2617 1158 2703 Tectaque
1186 2620 1533 2705 gramineo
1560 2618 1801 2686 vellere
1829 2623 2015 2684 terra
2040 2618 2232 2685 viret.

739 2721 1027 2808 Segnius
1056 2743 1306 2789 oceano
1336 2744 1406 2791 se
1432 2723 1714 2809 tingunt
1740 2743 2010 2807 vespere
2041 2722 2235 2802 soles,

821 2827 1062 2891 Annus
1092 2827 1179 2892 in.
1196 2831 1502 2894 aestatem
1528 2849 1652 2893 nec
1679 2826 2058 2913 juvenescit
2088 2826 2329 2907 adhuc,

735 2930 827 2995 Et
852 2952 1040 3016 puer,
1071 2934 1140 2998 et
1165 2934 1359 2998 tener
1386 2935 1512 3011 est,
1543 2934 1613 2998 et
1642 2931 1865 2996 adhuc
1904 2933 2009 2996 est
2035 2930 2294 2996 roboris
2324 2917 2598 3015 expers5

822 3034 1131 3100 Floribus
1161 3036 1235 3098 in
1261 3034 1512 3102 teneris
1541 3035 1809 3100 fructus
1837 3033 2084 3118 ubique
2110 3032 2301 3100 latet.
2865 3051 2947 3116 10

736 3139 782 3203 J
784 3160 893 3203 am
922 3160 1098 3219 rosa,
1127 3140 1272 3225 jam
1300 3138 1514 3219 violae,
1543 3139 1689 3225 jam
1717 3137 1866 3203 lilia
1891 3141 2090 3223 prata
2118 3138 2440 3217 colorant,

708 3261 723 3276 ’
822 3243 868 3307 J
870 3264 980 3308 am
1007 3243 1306 3310 rediviva
1330 3244 1553 3310 virens
1584 3243 1865 3307 arbutus
1895 3263 2092 3308 omen
2117 3241 2343 3308 habet.

737 3344 1085 3432 Conspicis
1114 3348 1189 3411 in
1217 3346 1463 3414 crassis
1491 3347 1805 3413 frondere
1832 3345 2191 3430 paludibus
2222 3345 2450 3426 alnos3

822 3452 1109 3536 Propter
1137 3473 1345 3536 aquas
1378 3450 1615 3517 salices
1643 3450 1984 3516 luxuriare
2012 3448 2222 3515 vides,

735 3553 1033 3621 Collibus
1064 3555 1306 3641 argilla
1330 3555 1523 3622 tenui
1549 3554 2010 3639 petulantibus
2041 3554 2216 3619 arvis
2814 3553 2820 3560 ’
2863 3573 2946 3637 15

823 3659 1025 3740 Vitis,
1056 3660 1255 3739 oliva,
1285 3659 1473 3745 pirus
1500 3658 1700 3739 ludit,
1732 3658 2020 3737 oberrat,
2052 3658 2209 3723 olet.

739 3765 868 3850 Spe
895 3764 1093 3851 juvat
1121 3785 1317 3830 omne
1344 3784 1604 3843 nemus,
1638 3762 2062 3845 sobolemque
2091 3760 2444 3844 cibumque
2469 3758 2746 3846 legenti,

822 3868 1178 3953 Tectaque,
1211 3889 1333 3935 seu
1358 3889 1607 3953 regem,
1638 3866 1802 3933 flore
1829 3864 2174 3929 ministrat
2204 3864 2337 3949 api.

734 3972 896 4038 Ales
925 3971 999 4034 in
1027 3992 1270 4037 occasu
1298 3969 1652 4037 Pleiadum
1683 3969 1904 4035 canit:
1948 3968 2157 4034 Ecce!
2207 3966 2470 4032 sonoris

822 4074 1135 4141 Concinit
1166 4073 1425 4140 auriolo
1453 4096 1633 4139 nunc
1664 4073 2061 4138 Philomena
2088 4071 2330 4136 modis.
2863 4093 2945 4157 20

732 4180 824 4245 Et
854 4179 1112 4263 liquido
1140 4179 1411 4246 merulae
1436 4177 1729 4245 luscinia
1755 4180 2031 4263 gutture
2062 4179 2298 4255 certat,

820 4283 1100 4350 Certant
1126 4283 1344 4349 laetari
1373 4287 1617 4349 cuncta
1640 4286 1874 4349 tenore
1901 4280 2072 4365 pari.

734 4388 945 4453 Prata
971 4387 1211 4469 virent,
1243 4390 1550 4454 armenta
1575 4385 1829 4471 vigent,
1860 4384 2191 4452 elementa
2217 4383 2581 4463 nitescunt,

818 4492 1048 4561 Floret
1076 4514 1260 4581 ages,
1289 4493 1564 4564 frondet
1594 4488 1804 4577 sylva,
1835 4487 2121 4557 resultat
2150 4488 2315 4556 avis.

2445 4614 2488 4661 Β
