3308 5200
723 491 812 557 48

402 798 520 847 And
543 796 662 846 asks

398 864 513 912 him
535 862 678 912 what

398 929 466 977 he
487 929 641 978 fears.

403 1315 667 1363 Laurence

399 1379 535 1429 fears

403 1445 578 1494 death.

408 2037 489 2086 He
508 2037 682 2086 would

404 2102 583 2151 rather

404 2167 559 2216 know
580 2167 626 2215 it

405 2233 537 2281 than
557 2232 623 2281 be

403 2297 629 2347 learned.

735 2339 813 2402 P.

407 2563 559 2614 Peter
574 2577 691 2627 says

405 2631 526 2678 that
545 2630 707 2679 death

405 2697 452 2744 is
473 2695 563 2744 the
583 2695 695 2744 fate

366 2758 371 2763 ’
405 2762 463 2811 of
494 2761 582 2811 all.

408 3225 660 3276 Wonders

408 3295 466 3339 at
488 3291 621 3340 Lau·

407 3370 561 3406 rence

409 3422 634 3484 wishing
654 3424 710 3470 to

408 3486 566 3535 know

407 3552 583 3601 death.

411 4018 481 4067 To
504 4019 590 4068 die

408 4084 528 4133 well
548 4097 652 4147 you

406 4152 549 4198 must

408 4214 563 4262 know
590 4214 713 4262 how

407 4282 463 4327 to
485 4280 593 4329 live

409 4344 542 4394 well.

1474 508 1754 553 DIALOGI
1798 506 2169 552 LAUREN'HI

895 676 1122 762 Ipsius
1152 679 1223 741 et
1250 676 1542 762 reliquas
1571 677 1647 741 in
1675 678 1904 761 partes
1932 675 2033 740 ire
2061 676 2400 760 potenter,

982 780 1294 866 Ipsarum
1324 801 1574 866 penum
1604 780 1710 845 vir
1736 782 2094 865 penetrare
2121 781 2338 864 potes.

895 886 1081 970 Ergo
1110 905 1359 950 novum
1387 906 1674 970 puerum
1704 905 1848 969 quae
1876 887 1949 948 te
1978 904 2152 948 nova
2183 881 2440 967 syllaba
2468 883 2680 945 terret
2698 881 2732 944 9

987 989 1098 1053 Sic
1126 991 1198 1052 te
1229 989 1750 1074 grammaticum
1779 987 2178 1054 dedidicisse
2209 1005 2468 1070 queror.

896 1092 1166 1177 Syllaba
1197 1113 1399 1177 quam
1427 1092 1660 1172 time0,
1692 1113 1872 1157 mors
1902 1094 2028 1171 est,
2061 1112 2206 1175 quae
2235 1109 2508 1174 corpore
2529 1087 2772 1152 flatum

983 1196 1292 1276 Nudans,
1323 1196 1586 1261 incerto
1613 1198 1917 1280 tempore
1946 1197 2133 1260 certa
2160 1193 2369 1259 venit.

899 1299 1135 1383 Hujus
1165 1299 1594 1383 grammatici
1621 1298 1733 1363 lex
1762 1301 1867 1362 est
1897 1296 2238 1362 contraria
2266 1295 2426 1381 legi,

986 1402 1289 1468 Dedocet
1316 1403 1459 1468 haec
1487 1403 1767 1467 veniens
1799 1422 1969 1487 saepe
1999 1400 2177 1486 quod
2205 1400 2325 1464 illa
2353 1399 2570 1464 docet.

898 1506 1066 1571 Haec
1093 1506 1224 1571 tibi
1250 1506 1400 1591 lege
1428 1506 1632 1571 metri
1660 1506 1875 1571 vitam
1902 1504 2268 1590 producere
2299 1506 2513 1583 curat,

986 1609 1284 1694 Corripit
1312 1611 1456 1675 haec
1482 1609 1759 1676 veniens
1789 1610 1967 1674 hanc
1995 1609 2126 1675 tibi
2154 1609 2307 1693 lege
2340 1629 2483 1673 sua.

897 1715 1150 1780 Versus
1180 1714 1293 1779 ille
1325 1735 1481 1779 suos
1513 1735 1676 1779 seno
1704 1713 1873 1798 pede
1903 1733 2168 1778 currere
2198 1712 2405 1797 cogit,

985 1817 1214 1902 Ipsius
1244 1818 1381 1883 ista
1411 1818 1578 1883 duos
1609 1818 1770 1883 huic
1798 1820 1989 1882 vetat
2018 1817 2117 1881 ire
2145 1817 2371 1901 pedes.

900 1922 1158 1986 Edocet
1187 1921 1308 1986 illa
1334 1922 1560 2006 loqui3
1605 1922 1823 2007 jubet,
1855 1924 1936 1985 ut
1959 1918 2156 2001 libet,
2187 1920 2328 1985 ista
2354 1913 2573 1999 sileri3

987 2024 1174 2090 Mors
1203 2024 1343 2105 ubi,
1375 2026 1599 2107 Petre,
1639 2025 1857 2110 jubet,
1888 2024 2122 2089 littera
2153 2023 2369 2087 multa
2399 2023 2577 2088 silet.

901 2129 1054 2195 Hoc
1085 2150 1212 2214 ego
1239 2132 1467 2194 mente
1489 2129 1727 2195 videns
1764 2130 1917 2215 plus
1948 2129 2242 2195 arbitror
2267 2128 2438 2193 utile
2468 2128 2664 2193 nobis

992 2233 1176 2298 Scire
1205 2234 1401 2314 mori,
1434 2255 1633 2318 quam
1666 2234 1759 2298 sit
1790 2234 1960 2299 scire
1990 2233 2093 2299 vel
2122 2236 2271 2298 arte
2299 2232 2506 2317 loqui.

902 2336 1035 2402 Ars
1066 2341 1171 2402 est
1200 2337 1386 2402 nulla
1417 2338 1610 2419 mori,
1645 2338 1803 2423 quia
1833 2338 2176 2403 nascimur
2202 2340 2284 2402 ut
2312 2335 2700 2417 moriamur,

989 2440 1198 2507 Ortus
1227 2441 1302 2505 in
1334 2463 1646 2508 occasum
1676 2445 1944 2508 corruet
1974 2441 2195 2507 omnis
2225 2442 2449 2506 homo.

903 2544 1168 2611 Pallida
1198 2566 1377 2611 mors
1408 2567 1594 2632 aequo
1623 2546 1903 2631 pulsans
1932 2545 2103 2632 pede
2132 2544 2448 2631 pauperis
2478 2543 2688 2610 aedem

902 2733 909 2737 ,
990 2650 1084 2714 Et
1112 2649 1292 2735 regis
1320 2653 1600 2732 turrem,
1630 2673 1759 2737 par
1785 2651 1860 2715 in
1890 2655 2180 2735 utroque
2207 2650 2405 2715 furit.

904 2754 1188 2838 Hocque
1219 2774 1490 2820 necesse
1518 2754 1745 2819 ferum
1772 2755 1990 2821 multo
2020 2775 2145 2820 nec
2173 2754 2394 2818 milite
2423 2753 2664 2834 Caesar,

990 2856 1135 2922 Nec
1162 2856 1414 2922 vitasse
1443 2858 1645 2922 Plato
1676 2861 1905 2923 mente
1933 2858 2038 2923 vel
2067 2878 2181 2923 ore
2209 2861 2479 2943 potest3

902 2959 1049 3025 Nec
1078 2961 1285 3026 variis
1315 2961 1653 3047 Hipocras
1684 2962 1786 3027 vis
1816 2962 2079 3047 depulit
2108 2962 2323 3047 ipsius
2352 2961 2601 3042 herbis,

993 3064 1179 3129 Mors
1210 3065 1327 3130 ubi
1359 3087 1529 3130 saeva
1557 3066 1769 3147 venit,
1801 3066 2019 3130 multa
2046 3065 2309 3130 medela
2335 3065 2535 3151 perit.

905 3169 1093 3234 Mors
1124 3173 1229 3234 est
1258 3174 1521 3236 naturae
1551 3170 1883 3251 defectus,
1915 3174 1996 3235 ut
2027 3169 2324 3250 aestim03
2371 3189 2509 3233 non
2540 3172 2646 3233 est

992 3273 1561 3358 Artisprofectus
1593 3294 1741 3341 sero
1772 3275 1990 3340 citove
2019 3273 2211 3339 mori.

908 3375 1219 3458 Qualiter
1248 3398 1410 3462 ergo
1438 3377 1612 3442 mori
1639 3378 1742 3443 vis
1772 3399 1970 3443 nosse
1987 3381 2020 3443 ἱ)
2065 3377 2271 3443 semel
2298 3376 2642 3442 morieris:

994 3481 1146 3547 Hoc
1177 3481 1269 3546 sit
1298 3503 1495 3547 nosse
1526 3483 1731 3562 satis3
1779 3486 2019 3548 caetera
2048 3503 2246 3548 nosse
2275 3481 2536 3566 nequis.

909 3586 1147 3653 Omnis
1175 3588 1379 3652 homo
1409 3588 1649 3653 debere
1681 3587 1853 3653 mori
1887 3588 2227 3654 nascendo
2255 3590 2580 3673 receptat,

944 3736 949 3741 -
994 3690 1259 3781 Parque
1289 3712 1560 3757 necesse
1588 3711 1903 3776 premens
1935 3691 2148 3756 currit
2177 3691 2252 3754 in
2282 3712 2477 3756 omne
2506 3712 2731 3776 pecus.

905 3793 1037 3858 Sed
1068 3794 1245 3878 quod
1276 3795 1499 3875 homo,
1533 3796 1711 3879 quod
1740 3795 1904 3876 avis,
1939 3795 2119 3879 quod
2147 3798 2218 3860 et
2247 3795 2448 3859 arbor
2475 3798 2545 3860 et
2566 3796 2798 3877 herba,
2826 3795 2932 3860 vel

994 3897 1249 3977 Bestia,
1283 3897 1462 3982 quod
1489 3897 1596 3962 vel
1624 3898 1882 3963 habent
1912 3902 2063 3963 orta
2093 3918 2366 3964 necesse
2395 3899 2564 3983 pati.
2680 3898 2931 3984 [omnis

906 4000 1060 4066 Hoc
1088 4000 1164 4063 in
1192 4000 1516 4066 virtutem
1545 4000 1815 4086 sapiens
1845 4002 2112 4066 ratione
2140 4003 2427 4082 reducit,

997 4104 1273 4188 Scitque
1302 4105 1452 4189 pati
1483 4105 1658 4189 quod
1687 4106 1946 4172 habent
1976 4107 2128 4170 orta
2156 4126 2428 4172 necesse
2457 4105 2641 4190 pati3

912 4207 1184 4292 Scitque
1215 4208 1387 4272 mori
1418 4209 1687 4294 sapiens
1718 4209 1877 4293 quia
1905 4208 2127 4274 vivere
2158 4209 2371 4291 novit,
2403 4215 2472 4276 et
2499 4211 2644 4295 ipse
2724 4250 2731 4260 ·

999 4311 1071 4376 Si
1100 4311 1202 4376 vis
1232 4332 1439 4377 nosse·
1460 4313 1654 4393 mori,
1686 4312 1907 4378 vivere
1938 4313 2120 4378 disce
2149 4313 2359 4397 prius.
2462 4314 2569 4397 [L.
2598 4314 2929 4395 Necdum,

739 4417 819 4480 P.
910 4415 1003 4478 Et
1032 4417 1114 4478 tu
1144 4414 1362 4480 scisne
1391 4415 1564 4479 mori
1586 4418 1618 4481 ‘i’
1706 4417 1783 4481 L.
1831 4415 2217 4481 Minimum.
2309 4419 2388 4480 P.
2438 4416 2583 4482 Scis
2613 4418 2885 4484 vivere}>

997 4518 1131 4585 Sed
1157 4519 1553 4585 meditando
1584 4519 1758 4586 mori
1784 4520 2007 4586 vivere
2037 4519 2222 4585 disco
2245 4519 2442 4586 mihi.

3036 1609 3120 1672 40

3046 2653 3129 2716 50

3047 3175 3133 3239 55

3048 3697 3131 3760 60

3048 4216 3129 4279 65
