3308 5200
194 704 300 756 The
306 719 495 756 reason

191 771 313 835 why
324 771 495 822 David

191 835 285 885 did
306 840 402 885 not

193 902 425 951 succeed.

191 1316 489 1366 Ahumour-

191 1396 284 1430 ous
305 1382 393 1430 de-

190 1446 442 1508 scription

192 1513 249 1560 of
269 1512 361 1560 the

191 1576 345 1638 flight
364 1577 421 1625 of

170 1641 284 1697 ‚the
307 1641 467 1692 Scota

192 2150 301 2199 The
335 2151 458 2200 field

191 2217 249 2263 of
271 2216 436 2265 battle

191 2280 364 2330 called

194 2346 394 2408 Bagga·

192 2425 347 2462 more.

196 3190 302 3240 The
341 3195 493 3253 great
517 3209 524 3218 ·

193 3321 398 3382 against

193 3386 285 3435 the
309 3386 445 3450 Eng-

196 3449 314 3501 lish.

197 4216 306 4267 The
340 4216 496 4279 ssight

200 4283 374 4331 home-

196 4348 368 4396 wards
391 4346 448 4396 of

195 4412 288 4462 the
314 4411 478 4462 Scots.

1083 528 1433 580 mnenon
1477 531 1770 590 QuAEnAu
1788 525 1792 529 ’
1813 535 2114 583 Pon'ch.

691 682 872 748 Nam
900 705 1054 750 cum
1083 686 1266 751 Deus
1296 691 1729 772 nuncupetur
1755 688 1939 753 Deus
1970 687 2411 768 exercituum,

648 831 654 836 ·
692 786 861 872 Ejus
891 809 1017 874 ope
1047 789 1162 873 qui
1188 812 1326 855 non
1356 795 1642 876 pugnat,
1673 791 1935 856 frustra
1963 791 2186 857 vibrat
2215 792 2539 877 gladium.

690 891 872 977 Ergo
901 893 1130 959 nullus
1159 895 1630 967 ascribendum
1659 895 1952 981 imputet
1981 896 2289 980 ignaviae,

690 993 886 1075 Quod
914 1017 1033 1061 rex
1061 997 1282 1062 David
1308 999 1483 1063 bello
1513 998 1716 1064 cessit
1745 998 2018 1064 Christo
2044 999 2205 1065 belli
2232 999 2481 1084 judice.

776 1098 1028 1163 Verum
1055 1099 1265 1186 Angli
1291 1099 1661 1187 fugientes,
1694 1105 1773 1165 ut
1803 1105 2128 1183 amentes,
2158 1103 2477 1168 barbaros

689 1201 1173 1287 Insequuntur,
1206 1208 1410 1289 atque
1440 1207 1761 1270 sternunt
1788 1209 1870 1270 ut
1900 1227 2097 1272 canes
2126 1206 2524 1291 lepusculos.

593 1371 598 1377 ,
688 1305 877 1371 Tunc
906 1307 1175 1392 abjecta
1203 1302 1656 1373 manticarum
1683 1307 1858 1373 mole
1889 1330 2044 1374 cum
2072 1309 2343 1390 viaticO,

689 1410 852 1475 Plus
881 1411 1125 1477 timore
1156 1415 1318 1477 sunt
1346 1411 1590 1498 repleti
1619 1434 1820 1497 quam
1847 1434 2022 1498 pane
2051 1414 2158 1479 vel
2187 1435 2418 1491 caseo;

692 1514 1131 1580 Seminantur
1158 1515 1320 1580 hinc
1347 1536 1469 1600 per
1498 1536 1698 1601 agros
1727 1537 1939 1601 panes
1968 1519 2174 1600 atque
2203 1517 2403 1597 casei,

690 1618 927 1684 Crudae
958 1641 1191 1686 carnes
1223 1623 1293 1684 et
1322 1620 1549 1700 illotae,
1581 1620 1767 1685 velut
1797 1621 1982 1685 canis
2011 1621 2186 1684 usui.

2612 511 2693 583 75

689 1723 939 1788 Utrum
969 1723 1151 1787 enim
1182 1724 1458 1788 crudam
1489 1744 1759 1788 carnem
1790 1724 1928 1789 sive
1959 1728 2220 1808 coctam
2250 1725 2625 1806 comedant,

598 1904 602 1908 .
688 1825 807 1889 Nil
837 1826 1129 1907 differre,
1162 1828 1281 1891 sed
1307 1831 1665 1911 utramque
1694 1827 1954 1892 licitam
1983 1828 2420 1893 existimant:

688 1930 831 1995 Nec
862 1930 1109 2014 equina
1139 1951 1338 1996 carne
1368 1930 1547 1995 vesci
1577 1930 1802 1996 minus
1834 1931 2090 1997 ducunt
2118 1931 2404 2012 licitum,

690 2034 909 2115 Quam
939 2055 1171 2098 eorum
1201 2056 1346 2119 quae
1376 2034 1714 2119 mugitum
1742 2036 2048 2120 praebent
2078 2035 2495 2100 animalium.

690 2138 899 2203 Porro
924 2137 1148 2217 locum
1178 2140 1638 2223 competenter
1665 2138 2162 2225 Baggamoram
2189 2143 2610 2224 nuncupant,

678 2242 779 2319 ¹In
809 2263 938 2326 quo
969 2241 1189 2306 Scotti
1217 2241 1637 2307 mendicosas
1669 2241 1966 2307 sarcinas
1997 2245 2344 2307 exuerant.

692 2346 943 2410 Decem
969 2345 1183 2409 ferme
1213 2345 1544 2410 dilatatur
1572 2366 1847 2430 campus
1876 2345 2207 2426 miliariiS,

685 2449 902 2531 Quem
931 2448 1221 2534 replesse
1249 2448 1646 2533 perhibetur
1675 2448 2126 2515 manticarum
2157 2448 2460 2514 sarcinis.

691 2553 784 2617 Et
812 2573 1044 2619 revera
1071 2572 1178 2617 res
1207 2552 1528 2635 monebat
1558 2552 1857 2618 sarcinas
1887 2552 2239 2637 deponere,

694 2657 843 2739 Quo
872 2656 1235 2742 perniciori
1266 2677 1466 2721 cursu
1493 2661 1773 2741 possent
1800 2655 2061 2742 Anglos
2091 2656 2352 2743 fugere.

693 2761 751 2828 Ο
778 2782 918 2825 non
945 2760 1160 2825 virtus
1190 2760 1333 2824 haec
1362 2760 1661 2824 humana
1692 2758 1811 2824 sed
1840 2759 1971 2824 Dei
1998 2761 2329 2844 potentia,

687 2866 820 2930 Per
849 2886 1047 2948 quam
1079 2861 1280 2948 pauci
1306 2862 1508 2948 plane
1536 2862 1667 2928 viri
1696 2865 1970 2928 centum
1998 2863 2251 2948 fugant
2278 2864 2492 2928 millia
2519 2865 2532 2928 !

689 2969 846 3033 Huc
876 2966 1137 3033 accedit
1167 2966 1346 3050 quod
1373 2966 1448 3029 in
1476 2966 1650 3032 libro
1678 2966 1934 3052 legitur
1964 2966 2288 3047 LeviticO‚

690 3072 862 3137 Cum
889 3073 1223 3156 praecepta
1251 3069 1663 3155 percepisset
1692 3070 1960 3154 Moyses
1990 3092 2032 3135 a
2060 3070 2374 3151 Domin0‚

692 3175 991 3255 AlienOS,
1025 3172 1273 3257 inquit,
1306 3176 1581 3238 centum
1612 3174 1907 3257 quinque
1937 3177 2234 3238 vestrum
2264 3174 2609 3260 abigent,·“·

658 3300 661 3305 ·
693 3279 1062 3363 Deciesque
1092 3277 1278 3341 mille
1306 3277 1485 3341 viros
1514 3276 1726 3342 vestri
1756 3279 2029 3342 centum
2059 3281 2371 3361 arguent.

689 3383 885 3465 Quod
914 3384 984 3446 et
1014 3379 1264 3446 nostris
1295 3379 1618 3445 accidisse
1637 3368 1905 3463 'liquido
1934 3379 2351 3464 temporibus

691 3484 1145 3570 Triumphalis
1173 3485 1596 3568 protestatur
1622 3483 2004 3568 Anglorum
2033 3482 2488 3548 standardius.

691 3591 749 3658 O
778 3587 1157 3654 Psalmistae
1187 3586 1475 3652 veritate
1503 3587 1902 3672 praepollens
1948 3586 2353 3669 eloquium,†

690 3695 913 3759 Deum
941 3691 1170 3757 dicens
1201 3711 1343 3757 esse
1373 3689 1659 3775 justum,
1689 3692 1759 3753 et
1789 3689 1961 3773 Ejus
1991 3688 2324 3773 judicium
2351 3691 2364 3753 !

688 3799 869 3862 Nam
899 3796 1015 3881 qui
1041 3794 1231 3880 prius
1261 3794 1681 3878 jactitabant
1708 3792 2031 3878 Angliam
2062 3792 2466 3875 subvertere,

689 3903 903 3968 Versa
930 3899 1073 3965 vice
1103 3900 1267 3963 sunt
1302 3897 1432 3981 (ab)
1466 3896 1711 3982 Anglis
1742 3897 1896 3961 caesi
1925 3895 2114 3960 tristi
2139 3896 2401 3977 funere,

690 4006 783 4070 Et
811 4002 1190 4088 Anglorum
1218 3999 1622 4066 affectantes
1654 3998 1896 4085 opibus
1928 3998 2277 4079 substitui,

690 4109 823 4175 His
854 4107 1126 4190 suisque
1156 4104 1286 4169 Dei
1316 4106 1490 4168 nutu
1523 4101 1815 4189 contigit
1845 4102 2153 4167 destitui.

696 4213 827 4278 Sed
859 4213 1023 4296 quot
1053 4211 1249 4273 erant
1276 4207 1625 4292 fugientes
1654 4209 1947 4271 mortem
1974 4205 2088 4271 vix
2117 4209 2495 4287 evaserant,

693 4317 869 4401 Opes
900 4316 1081 4379 certe
1110 4310 1518 4397 reputabant
1548 4311 1727 4394 quod
1755 4330 1896 4374 non
1925 4310 2397 4376 occubuerant.

694 4420 924 4504 Hique
951 4415 1083 4496 via,
1112 4414 1319 4496 fame,
1348 4413 1553 4493 ferm,
1583 4412 1776 4494 fessi,
1804 4413 2041 4499 pressi,
2073 4412 2304 4492 saucii,

720 4550 749 4580 ¹⁸²
784 4549 954 4601 Levit.
984 4545 1165 4596 xxviii.
1190 4546 1237 4595 8.
1944 4545 1973 4611 †
2009 4544 2142 4595 Psal.
2161 4543 2304 4597 xviii.
2332 4546 2408 4599 19.

2810 996 2893 1059 30

2810 1517 2895 1581 35

2808 2038 2895 2100 40

2809 2559 2895 2624 45

2809 3079 2893 3143 50

2809 3599 2892 3663 55

2814 4121 2896 4185 60
