3308 5200
1146 478 1514 524 munau-'1⁸11
1559 478 2054 524 nmnunnsm.
2602 454 2684 520 65

505 629 833 696 falsorum
864 630 1222 695 numinum
1251 631 1370 695 sed
1399 630 1487 695 ad
1512 630 1895 715 potentiam
1941 650 2384 715 supernorum
2413 628 2682 711 civium,

509 736 596 799 ad
647 734 931 801 virtutes
985 735 1390 799 Sanctorum
1435 755 1577 798 non
1623 735 1711 798 ad
1762 735 1938 800 bella
1982 733 2451 820 Trojanorum,
2491 736 2562 799 et
2598 735 2685 799 ad

512 838 912 904 Sanctarum
943 837 1445 924 Scripturarum
1475 838 2013 923 amplectendam
2040 838 2399 903 veritatem
2428 859 2567 924 non
2597 838 2681 902 ad

507 941 927 1026 poeticarum
955 942 1428 1007 inventionum
1468 941 1905 1007 deridendam
1931 940 2307 1007 veritatem.
2398 941 2593 1022 Quod
2624 942 2678 1005 si

183 1059 481 1109 Rheathen
507 1046 964 1111 contemnitur
999 1044 1159 1131 styli
1205 1045 1658 1125 mediocritas,
1698 1044 2060 1130 integritas
2105 1045 2413 1112 veritatis
2461 1048 2685 1109 atten-

179 1125 378 1254 ἓξζῗεῗ,
402 1203 460 1239 so
506 1150 728 1215 datur.
816 1150 996 1213 Nam
1037 1150 1097 1214 si
1139 1148 1260 1214 illa
1300 1149 1698 1214 lectitantur
1727 1152 1797 1213 et
1832 1149 2221 1233 delectan(t)
2266 1148 2475 1213 etiam
2511 1170 2677 1213 non·

38 1236 55 1290 Ῐ
180 1255 372 1303 should
507 1254 729 1318 nullos
778 1253 1203 1320 sacerdotum
1255 1253 1329 1316 in
1385 1252 1795 1318 carminibus
1847 1252 2124 1334 ethnici,
2174 1274 2292 1317 cur
2348 1274 2489 1317 nou
2545 1253 2683 1318 ista

184 1319 467 1369 Ghnsnan.
509 1357 612 1422 vel
672 1356 878 1422 semel
925 1357 1307 1437 videantur,
1355 1360 1426 1421 et
1479 1355 1804 1440 quosdam
1847 1355 2087 1420 saltem
2132 1355 2684 1422 scholasticorum

509 1464 792 1528 teneant
848 1460 922 1524 in
975 1461 1382 1526 carminibus
1442 1459 1817 1525 Christiani
1834 1462 1866 1524 ἱ)
1983 1460 2071 1523 Ι11
2117 1459 2358 1544 quibus
2416 1481 2578 1526 sane
2626 1461 2685 1525 si

511 1588 634 1651 par
703 1565 984 1632 effectus
1054 1565 1491 1650 responderet
1559 1563 1859 1644 affectui,
1933 1564 2476 1648 compendiosam
2546 1585 2686 1629 non

512 1670 899 1734 obscuraret
954 1668 1205 1733 festiva
1260 1667 1638 1753 progressio
1695 1666 2117 1748 brevitatem,
2176 1690 2300 1733 nec
2360 1669 2472 1755 adj
2479 1669 2685 1736 icere-

510 1775 628 1837 tur
656 1772 1076 1837 enervationi
1120 1771 1444 1850 facilitas,
1498 1791 1622 1836 nec
1651 1770 1727 1833 in
1754 1770 2089 1835 tumidam
2117 1771 2366 1837 erectio
2395 1773 2688 1838 fermen-

510 1879 774 1942 taretur
801 1875 1194 1940 vanitatem.
1283 1875 1535 1940 Verum
1579 1874 1652 1936 in
1692 1875 1880 1939 bona·
1911 1874 2195 1940 materia
2226 1875 2535 1940 voluntas
2584 1881 2689 1942 est

513 1983 788 2045 ostensa
826 1978 1126 2064 quamvis
1176 1977 1471 2043 facultas
1509 1999 1647 2042 non
1701 1977 2026 2043 exhibita.
2115 1978 2354 2042 Patuit
2401 1979 2687 2047 affectus

514 2083 646 2149 etsi
697 2083 979 2147 effectus
1032 2103 1172 2146 non
1227 2080 1449 2161 affuit,
1501 2102 1748 2145 munus
1809 2084 1914 2145 est
1965 2080 2317 2165 impletum
2375 2083 2691 2149 amicitiae

511 2187 671 2253 licet
736 2206 872 2249 non
928 2185 1237 2250 videatur
1296 2183 1731 2250 satisfactum
1788 2205 1933 2251 esse
1993 2185 2332 2251 doctrinae.
2439 2187 2689 2273 Accipe

511 2290 727 2376 igitur
766 2310 957 2373 opus,
987 2309 1126 2353 non
1155 2288 1330 2373 quod
1359 2286 1686 2354 securitas
1734 2287 1908 2351 adiit
1937 2287 2328 2369 efficientiae,
2362 2290 2481 2354 sed
2513 2291 2690 2374 quod

510 2393 739 2478 potius
771 2391 1084 2458 amicitiae
1121 2391 1557 2477 praesumptio
1586 2391 1906 2476 suscepit,
1949 2394 2019 2455 et
2050 2391 2413 2477 diligenter
2441 2397 2690 2459 exami-

513 2499 754 2560 natum
782 2495 1207 2574 recondatur,
1258 2494 1317 2560 si
1347 2493 1679 2580 displicet,
1734 2498 1856 2558 aut
1895 2495 2155 2575 edatur,
2208 2496 2267 2559 si
2293 2494 2535 2562 merito
2566 2519 2688 2563 suo

511 2599 753 2687 placet.
841 2599 1021 2664 Nam
1050 2599 1109 2664 si
1136 2598 1388 2664 nullius
1419 2597 1792 2666 efficientiae
1838 2597 2259 2663 convincitur
2288 2621 2431 2666 esse
2462 2622 2685 2683 causa,

421 2736 427 2743 ·
512 2706 842 2790 punctum
901 2703 1129 2789 gloriae
1186 2702 1449 2767 nullum
1496 2704 1805 2787 expetere
1865 2703 2063 2769 debet
2111 2723 2421 2787 persona,
2472 2726 2688 2790 neque

513 2807 665 2873 volo
693 2806 863 2871 illud
904 2827 1071 2891 opus
1118 2806 1221 2870 ita
1265 2805 1395 2872 tibi
1445 2808 1723 2891 propter
1768 2826 1875 2871 me
1925 2805 2209 2891 placere,
2241 2809 2322 2870 ut
2368 2807 2519 2873 aliis
2560 2830 2688 2895 ego
2783 2858 2790 2865 .

516 2912 793 2978 debeam
821 2911 1004 2996 juste
1032 2912 1308 2994 propter
1334 2908 1502 2973 illud
1533 2907 1904 2994 displicere.

988 3271 1391 3335 Proeludium
1420 3272 1699 3336 auctoris
1728 3272 1802 3336 in
1830 3272 2099 3337 Librum
2127 3275 2225 3339 II.

686 3462 1035 3528 Hactenus
1063 3461 1208 3546 11180
1236 3460 1405 3526 111018
1433 3461 1643 3527 11111818
1676 3463 2020 3528 studiosus
2050 3465 2325 3546 adhaesi,

770 3567 864 3631 Et
893 3566 1027 3630 lusi
1054 3565 1241 3630 vario
1271 3566 1570 3630 carmina
1602 3587 1773 3651 saepe
1810 3567 2028 3653 sty103

187 3650 488 3767 fflssvssugm,
688 3670 887 3735 Lusit
915 3672 986 3734 et
1016 3673 1327 3734 exactum
1357 3669 1613 3735 calamo
1645 3669 1988 3754 spatiante
2016 3670 2319 3737 libellum

188 3781 338 3858 dioqs
772 3773 968 3837 Mens
998 3793 1171 3852 mea,
1201 3793 1385 3837 more
1412 3773 1561 3857 pari
1584 3777 1827 3839 caetera
1854 3795 2050 3858 posse
2071 3779 2322 3860 putans
2356 3802 2372 3841 z

183 3846 375 3896 habas.
685 3877 731 3942 J
733 3897 843 3941 am
872 3896 1029 3940 vero
1059 3875 1222 3960 quid
1250 3879 1491 3961 agam?
1534 3880 1809 3963 raptum
1838 3877 1968 3942 sibi
1999 3878 2187 3944 curia
2229 3881 2406 3946 curis

769 3978 1108 4064 Implicat,
1132 3983 1204 4044 et
1233 3979 1363 4045 sibi
1391 3981 1560 4045 dans
1587 4001 1696 4045 me
1724 3980 1894 4045 mihi
1921 3981 2106 4046 tollit
2133 3984 2349 4048 atrox.

186 4109 272 4160 He
314 4110 487 4162 leaves
683 4084 995 4150 Pondera
1021 4106 1143 4170 pro
1170 4085 1432 4152 meritis
1460 4088 1850 4152 meditarier
1879 4108 2144 4174 urgeor,
2175 4110 2307 4154 aera

184 4174 408 4291 themtto
771 4188 1025 4273 Saepius
1055 4189 1129 4252 in
1157 4189 1469 4254 manibus
1500 4211 1707 4273 quam
1734 4190 1915 4256 bona
1942 4192 2196 4277 scripta
2222 4193 2470 4259 ferens.

181 4254 389 4370 ἕέἓογ.
685 4292 941 4378 8110111118
971 4291 1251 4377 invigilo
1282 4296 1446 4376 quot
1474 4292 1658 4357 mille
1688 4292 1952 4358 talenta
1978 4294 2262 4359 minutis

768 4394 1119 4476 Constent,
1154 4417 1353 4479 quam
1380 4396 1661 4481 pedibus
1692 4399 1856 4480 quot
1883 4397 2052 4461 mihi
2081 4417 2308 4463 versus
2340 4404 2473 4467 eat.

683 4498 758 4564 Si
785 4498 1019 4564 tamen
1045 4499 1389 4565 interdum
1418 4499 1737 4585 Pegasaea
1764 4499 1982 4567 vireta
2009 4501 2317 4586 suboptO,

2349 4627 2389 4670 r

2762 4399 2845 4464 10
