3308 5200
1075 520 1423 566 menon
1468 520 1761 575 QUAEDAM
1806 521 2106 567 PoEncA.
2614 499 2692 567 77

692 676 1071 741 Paucorum
1099 695 1284 740 more
1316 674 1447 740 sibi
1473 674 1675 740 viluit
1703 675 1816 741 hic
1843 674 1917 739 in
1945 676 2222 740 honore.

572 861 576 866 ἢ
691 779 904 865 Cujus
933 778 1010 843 in
1038 779 1169 844 hac
1195 779 1339 843 vita
1369 779 1530 843 dum
1559 778 1814 843 viveret
1842 778 2101 863 optima
2128 778 2293 859 vita,
2855 777 2894 840 5

690 884 947 949 Norma
975 882 1115 946 fuit
1144 883 1302 947 vitae
1330 882 1712 964 laudabilis,
1745 904 1824 948 ac
1855 884 2002 948 sine
2030 882 2152 949 lite
2176 908 2194 963 3

690 989 845 1053 Lite
874 991 1106 1052 tamen
1137 986 1285 1052 dico
1317 987 1473 1071 quia
1503 991 1772 1052 constat
1800 987 1972 1073 juris
2003 987 2221 1052 amico

689 1093 846 1158 Non
876 1091 1169 1158 caruisse
1199 1112 1421 1176 grave,
1452 1112 1590 1156 non
1622 1113 1757 1175 qua
1786 1111 2133 1176 superasse
2164 1111 2387 1156 suave.

690 1194 979 1262 Praefuit
1007 1215 1169 1279 ergo
1197 1194 1388 1276 bene,
1423 1194 1585 1279 quin
1614 1195 1878 1279 profuit
1906 1195 2018 1260 hic
2048 1195 2284 1260 alienae

689 1300 887 1380 Vitae,
921 1298 1238 1379 curando,
1269 1299 1741 1383 propriamque
1769 1299 1956 1383 prius
1985 1299 2417 1364 moderando·
2814 1298 2895 1361 10

193 1436 337 1484 First
695 1404 807 1468 Sic
833 1403 944 1489 pie
973 1402 1258 1467 vivendo
1288 1402 1483 1467 Prior
1512 1402 1677 1487 ipse,
1710 1403 1950 1467 deinde
1981 1403 2280 1468 docendo

192 1499 490 1615 Ξῗξξὲῑῑθΰ
692 1509 941 1573 Factus
971 1506 1192 1573 forma
1222 1507 1472 1592 gregis,
1519 1506 1761 1571 divinae
1790 1506 2052 1571 famina
2079 1507 2250 1592 legis

693 1612 857 1678 Vita
887 1611 1209 1691 condivit,
1239 1610 1577 1695 factisque
1607 1611 1909 1675 docendo
1935 1611 2220 1695 praeivit.

691 1716 824 1780 His
853 1714 1112 1779 meritis
1143 1718 1402 1798 gratus,
1433 1713 1542 1778 his
1574 1713 2065 1798 dupliciterque
2095 1714 2334 1779 beatus

693 1820 867 1885 Vitae
897 1810 1201 1884 sublatus
1231 1818 1523 1898 mortali,
1554 1821 1773 1882 morte
1803 1821 2143 1902 gravatus,
2816 1819 2899 1881 15

692 1923 1015 1989 Vindicat
1044 1923 1118 1985 in
1149 1921 1326 1988 caelis
1355 1920 1656 1986 famulus
1687 1921 1860 2003 Tibi,
1894 1921 2185 2003 Christe,
2219 1922 2458 1987 fidelis.

693 2027 837 2091 Iste
1068 2029 1319 2090 sortem
1349 2028 1622 2110 superat
1650 2026 2132 2109 moriendoque
2161 2029 2488 2106 mortem3

692 2130 881 2196 Vivit
910 2128 1113 2209 enim,
1143 2128 1312 2193 vivit
1342 2129 1504 2201 dum
1534 2130 1759 2194 caelica
1787 2150 1997 2214 regna
2029 2129 2306 2210 subivit,

694 2235 843 2316 Quo
874 2233 1032 2318 quia
1059 2233 1330 2299 laetetur
1360 2254 1513 2298 cum
1545 2233 1814 2318 Sanctis
1847 2234 2139 2298 Sanctus
2167 2233 2476 2299 habetur.

630 2633 1232 2680 VL—EPl'rAPmtm
1330 2634 1628 2677 GAMELLI
1729 2635 2009 2679 ABBAns
2104 2616 2621 2681 auronum*—

1001 2733 1179 2817 [MS.
1212 2734 1477 2813 Cotton„
1516 2735 1697 2797 Titus
1727 2736 1791 2797 D
1821 2734 1999 2816 xxiv,
2034 2735 2195 2821 81b.]

691 2934 785 2999 Ni
814 2935 1059 3000 collata
1087 2934 1147 2999 ti
1256 2989 1328 3055 b.
1384 2953 1549 3013 sese,
1582 2933 1905 3018 Gamelle,
1937 2936 2165 3003 fovere
2385 2938 2468 3060 lt

678 3037 911 3103 Gloria
930 3039 1082 3123 jure
1112 3037 1172 3103 si
1381 3037 1616 3102 domus
1647 3038 1790 3103 haec
1808 3040 1890 3104 de
1917 3045 2117 3126 teque
2148 2999 2468 3132 dolerejt

863 3142 957 3205 Te
984 3145 1179 3225 patre
1206 3147 1352 3208 tam
1383 3139 1629 3221 subito,
1662 3144 1807 3206 tam
1834 3143 2114 3211 viduata
2142 3146 2300 3213 cito.

692 3244 1031 3329 Factaque
1061 3245 1145 3309 de
1171 3245 1393 3311 modic
1596 3245 1679 3309 de
1707 3267 2000 3331 paupere
2031 3250 2228 3315 rebus
2260 3252 2441 3337 opim

693 3347 823 3412 Per
851 3351 922 3412 te
951 3369 1088 3413 non
1115 3350 1337 3415 modic
1403 3242 1500 3438 }a
1592 3349 1776 3433 capit
1806 3349 1942 3415 ista
1969 3354 2105 3418 tuae
2133 3356 2331 3420 modo
2360 3356 2536 3441 prim
2616 3329 2658 3372 a

865 3452 1110 3517 Mortis
1140 3453 1389 3518 damna
1419 3454 1710 3538 quidem,
1741 3474 1944 3538 reque
1973 3457 2302 3540 probatur
2329 3460 2527 3526 idem.

703 3555 830 3620 Sed
859 3559 981 3620 tua
1011 3579 1143 3641 qua
1171 3558 1387 3622 frueri
1587 3579 1719 3641 qua
1747 3580 1929 3623 nunc
1957 3560 2329 3646 meritoque
2357 3565 2544 3630 beari

696 3658 925 3724 Gloria
955 3680 1108 3724 cum
1137 3663 1363 3746 superi
1401 3556 1488 3751 }⁸
1587 3684 1719 3746 qua
1745 3661 1914 3726 felix
1943 3673 2013 3727 et
2042 3666 2372 3748 gratulari
2566 3565 2650 3758 }S

866 3762 1049 3843 Quin
1076 3768 1262 3829 vetet
1290 3766 1474 3834 haud
1505 3766 1785 3833 dubium
1814 3787 2142 3852 quemque
2169 3769 2400 3855 lugere
2429 3774 2639 3857 pium.

694 3866 873 3930 Nam
900 3865 1032 3931 tibi
1060 3869 1555 3994 gaudendul111
1615 3870 1909 3953 patriam
1937 3870 2054 3955 qui
2082 3872 2178 3937 sic
2206 3873 2412 3939 adiist
2538 3937 2552 3951 ,

694 3979 826 4043 His
857 3979 973 4044 sed
999 3979 1390 4065 plangenda
1443 3952 1555 4063 §m
1615 3980 1910 4047 moriens
1942 4004 2104 4067 quos
2135 3985 2466 4051 deseruist
2478 3876 2558 4072 }¹

868 4082 972 4146 Tu
998 4083 1266 4148 veniam
1294 4083 1603 4169 precibus
1632 4105 1835 4165 nuuc,
1865 4084 1996 4169 pie,
2027 4108 2225 4171 posce
2256 4088 2517 4172 quibus.

616 4288 651 4321 ³⁸
687 4289 798 4340 The
822 4290 931 4341 MS.
953 4291 1010 4339 in
1031 4291 1202 4340 which
1225 4291 1331 4341 this
1351 4291 1564 4354 epitaph
1597 4306 1779 4341 occurs
1816 4308 1921 4342 was
1955 4295 2157 4345 “Liber
2194 4297 2396 4348 Sanctae
2419 4299 2600 4351 Mariae
2639 4305 2702 4355 de

530 4370 772 4422 Ruford.’'
872 4372 979 4421 The
1032 4387 1187 4422 name
1230 4373 1285 4421 of
1344 4373 1527 4422 Gamel
1582 4373 1708 4423 does
1746 4379 1841 4423 not
1891 4389 2045 4425 occur
2097 4393 2289 4441 among
2331 4381 2421 4431 the
2464 4386 2703 4436 recorded

527 4453 712 4502 abbate
746 4453 803 4503 of
842 4453 1071 4504 Rufford.
1157 4454 1239 4504 He
1270 4468 1377 4503 was
1410 4455 1664 4519 probably
1701 4455 1793 4505 the
1827 4458 2013 4507 second
2055 4473 2113 4509 or
2149 4460 2291 4509 third
2328 4463 2467 4513 ruler
2501 4466 2557 4515 of
2588 4466 2704 4517 that

526 4534 697 4587 house.
