3308 5200
394 710 541 758 With

394 779 581 824 towers

396 840 519 890 here
542 841 649 889 and

397 907 544 955 there

399 971 535 1019 built
554 986 623 1019 on

397 1037 487 1085 the
511 1036 650 1085 rock.

400 1424 565 1473 Porta

407 1490 585 1539 Orien·

400 1556 540 1605 talis.

400 1847 508 1896 The
528 1849 640 1896 east

398 1916 519 1975 gate
541 1914 684 1961 leads

398 1982 457 2026 to
479 1993 512 2026 a
531 1978 665 2028 ford.

398 2275 565 2324 Porta
585 2274 658 2323 ad

403 2338 665 2402 Affricum
670 2377 681 2389 .

400 2471 507 2520 The
524 2470 697 2519 south-

397 2539 526 2585 west
548 2540 684 2598 gatc.

400 3103 565 3152 Porta
589 3104 673 3166 (in

399 3168 665 3232 Boream).

401 3299 574 3348 North

400 3368 535 3428 gate.

403 4133 509 4187 The
532 4151 665 4186 eom-

402 4218 524 4251 mon
544 4203 671 4251 road

401 4268 518 4317 into
540 4268 630 4317 the

403 4333 528 4398 city.

722 507 805 572 10

1472 523 1753 574 DIALOGI
1796 523 2166 574 LAURENTII

981 683 1231 769 Rupes,
1264 684 1373 750 cui
1401 685 1626 752 nitens
1657 686 1809 771 plus
1839 686 2015 753 nitet
2043 687 2210 751 artis
2240 706 2432 772 opus.

898 787 1139 872 Sicque
1171 789 1311 852 situ
1340 790 1457 855 sed
1487 793 1555 856 et
1586 793 1731 856 arte
1760 793 2000 875 potens
2030 812 2153 856 nec
2184 790 2414 856 arietis
2444 790 2643 869 ictus,

981 891 1125 957 Nec
1153 892 1292 956 vim
1319 892 1642 959 tormenti
1675 893 2042 976 quamlibet
2070 894 2216 977 ipse
2242 894 2462 959 timet.

895 995 1038 1062 Nec
1066 996 1266 1062 timet
1294 1000 1373 1060 ut
1401 998 1551 1080 quis
1582 1019 1737 1063 eum
1766 998 1969 1081 pedes
2001 1001 2120 1062 aut
2150 1019 2359 1082 equus
2390 997 2846 1082 aggrediatur,

984 1100 1276 1185 Aggeris
1308 1104 1427 1165 aut
1457 1101 1662 1166 ducat
1688 1101 1887 1167 triste
1918 1124 2236 1168 cacumen
2265 1102 2349 1168 ei.

898 1204 1122 1269 Fortis
1151 1204 1398 1288 ubique
1430 1204 1596 1270 satis
1629 1226 1700 1271 se
1730 1206 2051 1290 protegit,
2083 1210 2152 1271 et
2183 1206 2312 1271 sibi
2343 1209 2569 1271 custos

982 1308 1074 1374 Et
1102 1308 1269 1393 vigil
1297 1310 1441 1393 ipse
1473 1329 1656 1388 suus,
1687 1312 1880 1373 tutus
1914 1309 1997 1373 ab
2024 1309 2222 1375 hoste
2251 1313 2502 1375 manet.

893 1412 1073 1476 Nam
1101 1416 1332 1496 portas
1364 1412 1569 1478 etiam
1599 1412 1839 1495 quibus
1867 1413 2028 1477 urbs
2062 1413 2360 1496 aperitur
2388 1414 2663 1478 inermis

983 1516 1254 1599 Absque
1281 1515 1511 1582 labore
1543 1516 1815 1599 quidem
1844 1515 2071 1580 nullus
2104 1517 2287 1583 adire
2316 1520 2564 1602 potest.

893 1620 1063 1686 Rem
1091 1620 1321 1705 probo,
1412 1618 1872 1684 Calchidicum
1900 1640 2047 1703 quae
2075 1621 2351 1705 respicit
2382 1625 2500 1686 aut
2527 1620 2668 1685 Na-

982 1723 1193 1788 Porta
1218 1726 1458 1808 patens
1487 1724 1747 1786 Eurum
1775 1745 1940 1807 rupe
1969 1723 2193 1789 locata
2220 1728 2459 1791 tumet.
2549 1724 2920 1808 [bathaeum

896 1828 1059 1908 Quae
1088 1828 1264 1891 turri
1294 1828 1611 1893 subvecta
1639 1831 1844 1910 caput
1871 1827 1984 1890 vix
2015 1827 2362 1892 scanditur
2391 1832 2598 1907 arcta,

982 1931 1454 2016 Praecipitique
1485 1930 1651 1995 satis
1681 1930 1876 1995 vallis
1908 1931 1994 1996 ab
2024 1952 2219 1997 amne
2248 1932 2379 1997 via.

896 2035 1136 2099 Amnis
1168 2040 1236 2101 et
1265 2036 1410 2118 ipse
1437 2034 1687 2099 vadum
1715 2034 1830 2098 vix
1858 2055 2012 2100 raro
2040 2035 2325 2102 meabile
2353 2037 2625 2120 praebet,

982 2139 1407 2223 Praecipitem
1436 2137 1745 2223 jaculans
1779 2159 1950 2223 saepe
1978 2139 2357 2222 profundus
2390 2161 2655 2222 aquam.

895 2242 1133 2309 Altera
1162 2263 1364 2326 quam
1393 2242 1626 2308 dexter
1656 2242 1960 2326 Zephyro
1990 2243 2344 2326 creberque
2373 2244 2682 2328 procellis

982 2346 1258 2412 Africus
1289 2346 1609 2430 impingit
1638 2367 1827 2430 paene
1858 2350 2158 2428 coaequat
2187 2369 2357 2413 eam.

897 2451 1142 2516 Forma
1167 2472 1355 2535 paene
1385 2450 1533 2534 pari
1565 2449 1694 2515 sibi
1724 2453 1986 2515 certant
2016 2451 2434 2534 aequiparari,

982 2556 1114 2621 Illa
1142 2559 1381 2641 potens
1413 2554 1580 2619 satis
1612 2557 1739 2633 est,
1773 2556 1841 2620 et
1873 2554 2039 2619 satis
2069 2555 2206 2619 ista
2233 2559 2481 2640 potest.

894 2663 1274 2728 Descensus
1302 2663 1533 2724 tamen
1559 2658 1722 2723 hinc
1750 2658 2140 2742 productior
2169 2663 2238 2725 et
2268 2660 2490 2725 minus
2523 2682 2763 2746 anceps

981 2764 1221 2828 Amnis
1253 2763 1339 2828 ad
1370 2762 1698 2846 ancipites
1729 2782 1873 2827 esse
1901 2761 2167 2828 videtur
2198 2785 2427 2846 aquaS.

900 2870 1034 2937 Sed
1061 2869 1284 2933 minus
1313 2867 1443 2931 hoc
1473 2869 1578 2932 est
1605 2887 1857 2950 magna
1885 2866 2052 2929 satis
2082 2867 2338 2947 tutela3
2370 2890 2492 2943 nec
2519 2870 2785 2935 hostem

985 2973 1162 3037 Tuto
1193 2972 1388 3035 1111113
1417 2973 1604 3034 statu
1631 2973 1832 3054 porta
1858 2969 2095 3036 timere
2123 2974 2371 3054 potest.

898 3078 1129 3145 Tertia
1157 3096 1289 3159 quo
1317 3094 1549 3138 murus
1581 3072 1968 3139 deflectitur
1988 3073 2174 3138 urbis
2207 3075 2292 3138 ab
2319 3076 2501 3141 Euro

983 3182 1071 3244 In
1099 3180 1386 3244 Boream
1412 3177 1587 3241 turri
1619 3180 1759 3241 stat
1786 3176 2103 3242 redimita
2131 3183 2356 3262 caput.

897 3285 1062 3351 Haec
1093 3283 1245 3348 aliis
1278 3283 1570 3366 augusta
1598 3280 1818 3364 magis
1848 3280 2135 3365 fastigia
2161 3283 2457 3366 praefert,

984 3388 1272 3453 Praefert
1302 3389 1371 3451 et
1397 3380 1668 3463 faciem,
1701 3404 1905 3466 quam
1932 3406 2220 3465 vereare,
2251 3386 2488 3452 feram.

899 3492 1206 3559 Circinus
1237 3493 1305 3556 et
1332 3487 1585 3573 rapidae
1614 3487 1775 3553 licet
1803 3487 1918 3553 ille
1946 3487 2261 3553 volubilis
2291 3491 2488 3556 undae

985 3596 1202 3660 Istinc
1229 3593 1485 3658 infecto
1515 3591 1738 3657 deviet
1768 3591 1924 3656 orbe
1956 3611 2116 3671 suo;

897 3702 1024 3765 Est
1052 3704 1303 3776 tamen,
1336 3699 1439 3762 est
1468 3695 1648 3779 quod
1679 3716 1827 3760 eam
1858 3695 2079 3759 munit
2106 3718 2229 3781 pro
2258 3697 2536 3765 flumine
2564 3703 2852 3785 portam,

986 3805 1224 3868 Murus
1254 3802 1570 3883 utrinque
1602 3820 1807 3884 supra
1833 3800 2042 3864 turris
2073 3805 2142 3867 et
2171 3806 2328 3868 ante
2355 3802 2564 3870 locus.

899 3910 971 3974 Is
1000 3910 1187 3974 locus
1219 3929 1261 3971 a
1290 3905 1544 3971 dextris
1575 3907 1977 3988 praeruptus,
2009 3909 2078 3971 et
2108 3928 2324 3991 asper,
2359 3912 2427 3973 et
2458 3909 2659 3991 altus,

983 4014 1111 4078 Est
1140 4014 1209 4078 et
1237 4008 1608 4092 inaequalis,
1640 4029 1764 4073 nec
1797 4008 1963 4072 satis
1995 4013 2193 4093 aptus
2224 4012 2435 4094 equis.

900 4118 1199 4202 Cumque
1230 4116 1320 4179 sit
1348 4115 1478 4178 hac
1509 4112 1734 4177 aditus
1753 4112 2048 4177 validam
2078 4116 2410 4198 generalis
2433 4117 2507 4180 in
2528 4118 2783 4199 urbem,

986 4223 1137 4287 Hac
1154 4225 1406 4298 tamen,
1437 4218 1566 4283 hac
1594 4216 1722 4281 tali
1754 4217 2101 4281 scanditur
2128 4219 2278 4303 ipsa
2305 4220 2436 4285 via.

906 4328 1018 4392 Sic
1044 4326 1291 4391 faciem
1318 4322 1586 4387 munita
1616 4342 1830 4400 suam,
1862 4322 2255 4406 munitaque
2286 4324 2591 4391 dextram

988 4431 1080 4495 Et
1109 4431 1313 4514 caput
1344 4450 1385 4492 a
1411 4426 1580 4492 laeva
1608 4443 1741 4509 quo
1769 4428 2044 4491 tueatur
2070 4426 2297 4494 habet.

903 4534 1062 4601 Non
1088 4532 1323 4619 procul
1349 4532 1510 4597 hinc
1538 4529 1845 4595 tumulus
1878 4531 2217 4616 surgentis
2247 4532 2322 4596 in
2352 4539 2506 4601 aera
2533 4539 2750 4618 terrae,

2995 1116 3150 1178 330

2999 1638 3145 1703 335
3259 1680 3260 1683 =

2996 2161 3135 2224 340

2990 2684 3126 2749 345

2684 3161 2737 3284 j
2885 3277 2890 3284 ,
2989 3208 3122 3273 350

2990 3733 3116 3798 355

2992 4257 3112 4322 360
