3308 5200
431 857 552 906 Still
571 856 639 907 he

425 922 570 971 sceks
589 923 671 973 for

423 986 507 1036 his
538 989 628 1037 old

426 1050 581 1106 work.

419 1541 540 1589 And
565 1545 671 1593 will

414 1609 669 1682 complete

398 3194 505 3243 The
542 3195 695 3246 benc·

399 3261 460 3309 fit
481 3259 536 3308 of

399 3339 608 3390 energy.

757 460 840 526 66

1311 483 1662 531 BxcEBPTA
1705 486 1795 532 Ex
1839 486 2340 535 moonosnco

1008 639 1155 704 Aut
1183 639 1528 705 montem*
1557 640 1859 725 capitum
1886 644 2149 728 tempto
2177 645 2411 709 tenere
2440 643 2667 710 duum.

921 740 1070 806 Has
1098 763 1252 809 mea
1278 764 1467 809 mens
1499 747 1570 809 et
1599 766 1713 810 eas
1743 745 2104 813 admittere
2131 746 2361 812 nescia
2390 768 2583 813 curas

1004 846 1317 929 Insimul,
1344 849 1507 915 hinc
1533 849 1704 915 alias
1732 870 1890 914 mox
1915 854 2226 917 revocata
2250 849 2475 931 venit3
3262 911 3268 917 .

920 951 1013 1016 Et
1038 952 1226 1017 velut
1254 974 1585 1038 apprensa
1611 954 1899 1039 pulchra
1928 956 2136 1039 spado
2164 954 2424 1040 virgine
2451 955 2650 1021 triste
3061 946 3145 1010 15

1007 1055 1336 1141 Suspirat,
1364 1057 1586 1123 tristis
1614 1060 1891 1142 pectora
1918 1057 2015 1123 sic
2043 1060 2114 1124 et
2155 1079 2322 1144 ego:

917 1161 1061 1225 Aut
1087 1161 1232 1226 vice
1262 1182 1367 1227 me
1395 1161 1589 1246 pueri
1616 1161 1946 1246 plorando
1968 1161 2232 1226 vindico
2263 1165 2601 1246 coeptum:

999 1263 1184 1329 Num
1210 1266 1440 1331 tamen
1469 1264 1597 1330 hoc
1626 1264 1921 1329 calamus
1949 1268 2180 1331 noster
2207 1264 2467 1330 omittit
2495 1285 2662 1352 opus
2679 1267 2711 1330 P

913 1367 1072 1433 Non
1091 1366 1193 1433 ita
1214 1392 1230 1432 ε
1278 1389 1566 1452 namque
1585 1367 1748 1434 licet
1767 1389 2095 1452 nequeam
2111 1368 2429 1453 quicquid
2449 1368 2620 1449 vo10,
2646 1369 2887 1435 saltem

1000 1472 1152 1537 Hoc
1180 1472 1330 1539 volo
1361 1471 1539 1556 quod
1565 1492 1865 1557 possum,
1898 1473 2212 1557 dictaque
2239 1474 2482 1558 prodet
2511 1493 2677 1557 opus
2704 1499 2720 1538 z
3055 1468 3138 1531 20

912 1576 1092 1641 Nam
1119 1577 1429 1661 quotiens
1459 1578 1694 1661 potero
1722 1576 2128 1641 Laurentius
2158 1597 2301 1643 esse
2317 1577 2636 1657 studebo,

995 1680 1149 1746 Hoc
1176 1680 1386 1747 donec
1415 1683 1711 1766 coeptum
1739 1681 1873 1745 fine
1900 1679 2151 1766 ligetur
2179 1701 2388 1767 opus:

907 1785 1000 1849 Et
1030 1784 1127 1849 sic
1153 1806 1276 1869 pro
1305 1784 1598 1851 claustro
1626 1784 1799 1849 mihi
1829 1785 2034 1865 curia,
2064 1805 2316 1870 proque
2344 1785 2678 1851 Dunelmo

992 1888 1267 1974 Anglia,
1297 1910 1420 1974 pro
1448 1889 1676 1973 requie
1707 1909 1881 1974 saepe
1910 1889 2246 1954 tumultus
2276 1889 2427 1956 erit.

903 1992 1106 2058 Nunc
1135 1996 1206 2057 et
1233 1993 1307 2056 in
1337 1995 1606 2060 aetatem
1634 1992 1875 2057 mundi
1901 1983 2052 2057 mea
2077 1993 2229 2059 vela
2257 1994 2617 2059 secundam
3047 1989 3131 2053 25

993 2097 1432 2183 Suspendam,
1465 2118 1766 2181 quaerens
1798 2118 1928 2180 quo
1956 2099 2306 2182 reparetur
2331 2096 2573 2162 Adam.

903 2202 1232 2287 Tempora
1259 2201 1403 2287 jam
1428 2200 1644 2286 primo
1673 2202 1973 2286 produnt
1998 2204 2312 2286 perarata
2352 2200 2602 2282 libelle,

904 2371 907 2374 .
988 2305 1122 2386 Qui
1149 2304 1376 2370 factus
1406 2305 1671 2384 cecidit,
1702 2325 1828 2370 nec
1856 2309 2208 2390 reparatur
2234 2305 2456 2370 homo.

900 2410 1084 2495 Ergo
1119 2408 1366 2475 bonum
1396 2409 1575 2493 quod
1603 2408 1825 2495 prima
1853 2409 2112 2492 nequit,
2145 2408 2205 2473 si
2233 2407 2525 2474 forsitan
2555 2412 2717 2475 aetas

987 2513 1136 2580 Ista
1165 2533 1447 2597 sequens
1477 2513 1715 2598 possit,
1747 2512 1892 2599 jam
1921 2513 2337 2599 speculemur
2365 2532 2533 2578 eam.
3039 2510 3125 2573 30

1097 2816 1304 2862 LIBER.
1347 2816 1622 2862 nte—DE
1668 2814 1978 2861 DIVERSIS
2023 2816 2538 2862 mmmmm.

1206 2981 1267 3046 I.
1322 2980 1505 3057 Quod
1532 2979 1738 3043 otium
1764 2983 1853 3043 est
1878 2979 2050 3044 iners
2077 2981 2417 3064 negotimn.

893 3101 1054 3169 Otia
1080 3100 1183 3167 vir
1210 3099 1477 3185 sapiens
1506 3099 1756 3184 ignava
1783 3101 2061 3185 negotia
2090 3120 2390 3181 censens,

978 3204 1175 3270 Vitat
1206 3203 1383 3288 quod
1414 3202 1667 3287 culpat,
1701 3224 1847 3287 quae
1873 3205 2073 3268 notat
2101 3202 2219 3267 illa
2248 3207 2440 3268 cavet
2463 3230 2482 3284 3

893 3306 1053 3376 Otia
1079 3306 1277 3392 pigra
1306 3306 1436 3371 sibi
1466 3305 1735 3392 sapiens
1765 3306 2104 3372 contraria
2130 3305 2327 3386 vitat,

979 3411 1112 3493 Qui
1142 3409 1322 3496 sapit
1349 3409 1467 3475 illa
1494 3410 1704 3495 fugit,
1738 3409 1853 3494 qui
1880 3409 2068 3495 fugit
2096 3409 2214 3474 illa
2245 3409 2444 3494 sapit.

889 3516 1074 3581 Hinc
1102 3518 1367 3581 exercet
1395 3535 1593 3599 agros
1623 3517 1695 3580 et
1721 3512 1940 3578 minat
1967 3517 2194 3578 aratra
2223 3513 2518 3596 colonus,
2557 3512 2562 3517 ’
3069 3527 3110 3591 5

975 3619 1606 3703 Armafrequentat
1634 3638 1855 3701 eques,
1890 3617 2092 3682 sudat
2119 3617 2207 3682 ad
2235 3639 2368 3683 aera
2393 3617 2628 3700 faber3

895 3724 1081 3808 Saepe
1113 3723 1235 3788 sub
1265 3720 1528 3808 algenti
1554 3725 1791 3807 pastor
1819 3721 1985 3786 Jove
2014 3720 2325 3787 noctibus
2356 3725 2558 3804 errat,

976 3826 1248 3892 Vinitor
1276 3825 1362 3890 ad
1390 3824 1672 3910 praelum
1698 3824 1859 3889 vitis
1889 3824 2173 3909 adaptat
2202 3845 2380 3910 opes.

891 3930 1076 3995 Hinc
1103 3929 1400 4016 piscator
1429 3927 1642 4013 aquis,
1673 3931 1954 3997 venator
1983 3927 2267 3993 saltibus
2296 3927 2533 4009 instat,

981 4031 1319 4118 Segnities
1348 4032 1534 4096 vario
1560 4030 1839 4116 pellitur
1864 4033 2017 4096 atra
2045 4031 2262 4097 modo·
3025 4047 3104 4111 10

890 4135 1176 4202 Pellitur
1203 4135 1572 4200 innumeris
1600 4133 1776 4200 male
1803 4133 2024 4199 mollis
2052 4133 2301 4199 inertia
2327 4135 2545 4216 rebus,

975 4240 1136 4308 Otia
1163 4236 1545 4304 multimodi
1574 4259 1777 4303 causa
1803 4238 1994 4303 fuere
2023 4238 2206 4304 mali.

889 4344 1220 4432 Tyndaris
1248 4343 1324 4406 in
1353 4341 1620 4407 Paridis
1651 4341 2106 4427 complexibus
2135 4341 2295 4409 hinc
2321 4343 2707 4427 requiescit,

1397 4500 1428 4534 *
1461 4501 1531 4551 Id
1549 4504 1639 4562 eet,
1668 4499 1993 4563 Parnassum,
2014 4499 2195 4552 &uteo-l.
