3308 5200
728 494 816 561 40
1476 517 1755 565 nmoeu
1800 513 2169 565 nunaunt

402 668 507 719 The
529 682 672 719 same
901 670 1168 757 Adjice,
1198 672 1424 754 Petre,
1454 695 1712 759 precor,
1746 675 1924 759 quod
1952 674 2092 740 Gra
2102 673 2196 737 tia
2225 672 2367 739 sola
2396 674 2714 757 potenter

398 748 639 862 ffiged
668 830 675 839 .
987 776 1181 841 Petri
1211 776 1437 843 nescio
1466 781 1595 859 ter,
1627 777 1988 843 transtulit
2016 778 2091 841 in
2120 780 2228 842 ter
2255 797 2430 842 amo·

397 864 552 977 ξξζῗῖ
573 864 682 914 and
901 880 1172 945 Extulit
1201 881 1276 944 in
1303 881 1596 946 Paulum
1625 885 2059 966 prosternens
2100 880 2342 948 Gratia
2374 880 2674 960 Saulum‚

527 965 540 991 ’
984 985 1121 1050 Η10
1151 988 1221 1050 et
1250 1007 1451 1051 mane
1479 1007 1693 1069 rapax
1725 1006 1999 1071 vespere
2030 986 2208 1051 dona
2239 985 2449 1051 dedit.
2988 988 3122 1051 300

900 1088 1125 1154 Fortis
1154 1091 1226 1155 et
1254 1090 1329 1153 in
1357 1089 1596 1175 fragili
1624 1111 1750 1154 nos
1781 1090 2038 1155 discere
2074 1090 2288 1154 fortia
2317 1110 2482 1154 sexu
3289 1000 3295 1378 ξ

393 1195 513 1308 and
549 1195 701 1259 Mary
985 1193 1200 1259 Grata
1228 1193 1359 1259 Dei
1389 1193 1621 1258 docuit
1650 1193 1931 1274 Gratia3
1977 1193 2126 1258 laus
2157 1192 2250 1257 sit
2279 1192 2365 1257 Ei
2391 1193 2404 1256 !

390 1260 609 1375 101?ng
895 1296 1077 1361 Nam
1104 1296 1291 1362 vitiis
1321 1301 1392 1363 et
1421 1293 1704 1378 deliciis,
1736 1300 1808 1362 et
1836 1297 2022 1362 misse
2051 1296 2344 1361 Mariam

982 1400 1319 1466 Mortibus
1349 1400 1641 1486 eripiens
1674 1400 1836 1486 quid
1865 1401 2051 1466 Deus
2081 1399 2226 1486 egit
2254 1400 2458 1464 homo
2476 1402 2508 1464 P

892 1504 1100 1570 Ecce!
1149 1526 1335 1571 ream
1362 1504 1604 1589 pietas,
1635 1504 1955 1590 fragilem
1980 1503 2418 1584 fortissimus,
2452 1524 2701 1587 aegram
2983 1509 3117 1573 305

976 1607 1278 1674 Admisit
1306 1607 1604 1693 propius,
1636 1629 1796 1673 vera
1824 1607 2106 1689 medela,
2136 1608 2344 1672 Deus.

889 1710 1124 1796 Deque
1146 1712 1410 1798 probris
1428 1715 1675 1795 metus,
1687 1714 1893 1796 atque
1916 1715 2107 1776 metu
2127 1710 2337 1792 dolor,
2358 1709 2652 1794 hincque
2680 1708 2908 1774 dolore

975 1815 1233 1897 Fletus,
1267 1819 1339 1880 et
1367 1837 1410 1880 a
1437 1815 1607 1880 fletu
1635 1814 1894 1900 prodiit
1921 1815 2149 1901 ampla
2178 1815 2366 1880 fides.

891 1919 1225 2006 Spemque
1256 1920 1443 2001 fides,
1466 1919 1874 2004 plenumque
1903 1922 2148 2004 potens
2179 1940 2329 2004 spes
2358 1916 2547 1983 fudit
2577 1936 2903 1982 amorem:

973 2025 1068 2088 Et
1098 2024 1259 2109 quid
1287 2045 1478 2088 amor
1494 2026 1527 2089 ‘x‘
1617 2023 1862 2088 Totam
1896 2022 2300 2109 justificavit
2329 2043 2501 2087 eam.
2980 2029 3114 2094 310

887 2127 1082 2192 Talia
1108 2123 1456 2214 praeterito
1487 2128 1658 2193 dans
1689 2130 2015 2212 tempore,
2046 2130 2353 2211 tempore
2382 2128 2620 2191 nostro

387 2245 440 2293 It
460 2245 556 2294 has
575 2245 687 2294 also
972 2231 1132 2296 Non
1163 2230 1473 2296 miranda
1501 2230 1729 2296 minus
1759 2229 2001 2296 Gratia
2031 2230 2209 2295 dona
2240 2229 2430 2295 dedit
2454 2256 2474 2311 3

385 2309 628 2424 (ὅξῗζιῇξᾱ
888 2334 1204 2420 Tangens
1235 2355 1528 2419 namque
1557 2335 1784 2399 ferum
1810 2333 1962 2399 fera
1999 2354 2250 2419 ponere
2279 2333 2483 2398 corda
2512 2332 2876 2398 Ouminum

974 2437 1299 2519 Praebuit,
1332 2437 1535 2523 inque
1565 2459 1791 2504 rosam
1832 2437 2074 2503 Gratia
2104 2437 2312 2502 vertit
2340 2458 2516 2502 eum.

885 2541 1032 2608 Nec
1050 2562 1269 2607 mora:
1301 2562 1427 2609 nos
1449 2562 1793 2623 revocans,
1819 2562 2021 2627 quam
2050 2540 2288 2622 cernis,
2318 2539 2617 2605 reddidit
2645 2540 2904 2622 urbem,
2981 2552 3115 2618 315
3297 2553 3302 2635 1

387 2666 473 2716 He
495 2680 572 2715 re·
973 2646 1302 2712 Reddidit
1330 2645 1518 2712 urbis
1549 2667 1750 2732 opes3
1797 2645 2098 2711 reddidit
2127 2644 2515 2712 ecclesiamz

387 2731 558 2845 3115?
570 2745 689 2844 ΕΠ
887 2751 1218 2816 Reddidit
1246 2754 1319 2816 et
1348 2754 1649 2816 castrum
1680 2772 1883 2834 quam
1909 2750 2146 2831 frater,
2178 2752 2260 2814 ut
2298 2749 2583 2830 aestim0,
2614 2749 2839 2831 fratri,

389 2861 575 2910 accord
586 2861 690 2909 and
975 2854 1190 2920 Filius
1220 2858 1343 2919 aut
1371 2854 1574 2919 vellet
1603 2855 1883 2920 reddere
1913 2874 2111 2918 nemo
2141 2854 2345 2938 patri.

388 2939 614 3053 ἔξέξγῗρ
890 2958 1218 3044 Despicit,
1250 2961 1601 3043 optamus:
1650 2957 1966 3039 dimittit,
1999 2958 2362 3023 sumimus:
2411 2957 2575 3038 exit,

389 3056 557 3118 thing,
976 3061 1450 3148 Ingredimurz
1498 3061 1715 3147 gratis
1747 3061 1909 3126 hinc
1938 3060 2105 3143 abit,
2138 3061 2381 3146 hicque
2413 3082 2670 3126 sumus.
2980 3075 3114 3139 320

389 3186 507 3235 And
515 3185 694 3235 makes
895 3167 1137 3251 Sicque
1169 3167 1346 3251 quod
1375 3166 1753 3231 abstulerat
1780 3166 2045 3246 reddit3
2093 3185 2258 3249 quos
2288 3167 2645 3250 presserat,
2669 3164 2908 3245 efferi-‚3

390 3252 620 3302 amends.
978 3269 1295 3354 Quosque
1322 3268 1706 3355 flagellarat
1734 3268 1959 3354 gratia
1990 3272 2189 3354 grata
2216 3269 2428 3333 fovet.

717 3375 798 3441 P.
889 3374 1173 3455 Siccine,
1204 3373 1553 3454 Laurenti,
1586 3372 1811 3459 gravis
1841 3372 2014 3438 ultio
2046 3373 2271 3459 gratia
2301 3372 2458 3454 dici,

976 3478 1205 3562 Atque
1233 3476 1429 3542 furor
1455 3475 1699 3562 pietas,
1731 3476 1966 3561 iraque
2005 3476 2209 3541 debet
2237 3498 2428 3542 amor
2443 3479 2476 3542 9

891 3581 1083 3648 Ultio
1111 3601 1229 3645 vos
1259 3579 1456 3661 laesit,
1486 3580 1740 3666 pressit
1767 3580 1983 3661 furor,
2016 3580 2119 3644 ira
2150 3581 2416 3663 cecidit,
2980 3597 3112 3662 325

978 3684 1298 3770 Exprime
1326 3683 1714 3749 nominibus
1743 3705 1888 3748 rem
1921 3683 2093 3754 mihi
2123 3705 2455 3769 quamque
2485 3684 2648 3750 suis.

892 3789 1086 3856 Ultio
1113 3810 1231 3854 vos
1260 3788 1459 3869 laesit,
1492 3788 1612 3853 sed
1641 3791 1836 3853 curat
1866 3787 2133 3873 gratia3
2178 3789 2429 3874 pressit

402 3920 554 3970 Peter
982 3895 1120 3974 Ira,
1150 3892 1494 3976 furorque,
1540 3892 1731 3958 fovet
1758 3911 1876 3956 vos
1905 3891 2127 3977 pietas
2158 3895 2229 3957 et
2257 3913 2467 3958 amor.

398 3985 669 4099 lffldffence
899 3998 1035 4064 Sed
1062 3995 1585 4063 Grualthamensi
1611 4016 1802 4081 puer,
1832 3997 1914 4059 ut
1941 3998 2131 4081 puto,
2162 3995 2443 4061 flumine
2471 3999 2674 4082 potus

401 4065 549 4165 nulio
980 4103 1028 4167 J
1029 4123 1141 4166 am
1169 4121 1353 4164 nunc
1382 4102 1650 4164 eructas
1684 4097 1909 4182 qualia
1937 4101 2105 4164 tunc
2134 4099 2421 4165 biberas.
2984 4120 3118 4183 330

400 4178 683 4304 Qffl‘hssfm
897 4203 1291 4272 Barbariem
1319 4203 1607 4284 biberas,
1651 4205 1723 4267 et
1750 4202 2037 4267 barbara
2065 4203 2269 4268 verba
2298 4203 2575 4269 resudas
2599 4229 2619 4285 3

398 4310 666 4440 llfficlzirth·
985 4310 1324 4376 Barbarus
1353 4307 1468 4373 ille
1496 4307 1707 4388 locus,
1752 4306 2041 4371 barbara
2067 4307 2222 4392 jure
2252 4308 2471 4374 docet.

726 4420 804 4485 L.
902 4414 1436 4483 Gualthamense
1466 4411 1685 4476 solum
1714 4410 1932 4477 doctis
1963 4411 2193 4476 natale
2221 4412 2443 4496 poetis

987 4516 1459 4600 Militibusque
1487 4514 1739 4600 probis,
1770 4513 1994 4597 Petre,
2023 4513 2238 4581 fuisse
2265 4518 2482 4602 patet.
