3308 5200
51 649 57 656 ἠ
166 683 445 742 Instances

80 757 84 761 '
165 749 225 797 of
244 750 368 798 mis-

166 813 309 862 chief

167 879 361 927 caused
395 879 467 943 by

166 943 409 994 idleness.

171 1844 277 1893 Τὶιθ
298 1858 387 1892 au-

169 1910 290 1957 thor

172 1974 356 2023 strives

172 2039 379 2100 against

172 2103 411 2154 idleness.

170 2268 317 2318 Even
351 2273 407 2318 at

169 2333 260 2382 the
296 2333 396 2381 Bi-·

173 2397 344 2460 shop‘s

217 2477 248 2511 o

174 2592 280 2641 The
319 2607 447 2642 occu

172 2658 383 2720 pations
415 2621 472 2708 ol

176 2722 348 2773 Court.

171 3292 308 3342 How
334 3293 466 3342 Lau-

168 3371 323 3408 rence
345 3360 471 3409 tries

169 3426 228 3471 to
250 3424 404 3473 avoid

170 3488 231 3536 th
238 3503 336 3539 em.

1126 507 1497 553 LAURmvrn
1539 505 2038 554 DUN’ELMENSIS.

747 662 1106 728 Dardanus
1134 667 1205 729 et
1234 664 1473 729 Danao
1500 663 1653 750 plus
1681 663 1905 748 placet
1931 663 2175 746 hospes
2202 661 2386 725 herc.

600 725 603 728 Ι
663 767 906 832 Fertur
935 772 1005 833 et
1033 769 1392 854 AEgisthus
1421 768 1601 852 quod
1630 766 1723 832 sit
1751 766 1924 831 male
1952 765 2179 830 factus
2211 764 2513 829 adulter:

748 872 887 937 Cur
913 873 1016 936 ita
1034 875 1066 938 P
1110 893 1314 937 causa
1343 874 1582 952 datur3
1629 870 2001 936 desidiosus
2033 872 2201 933 erat.

665 976 794 1041 Sed
821 977 1181 1061 peregrina
1207 976 1374 1041 meis
1404 976 1708 1062 exempla
1738 974 1900 1059 quid
1930 973 2193 1058 applico
2223 970 2491 1056 scriptis
2510 972 2543 1035 ‘e‘

752 1079 1028 1144 Deliciis
1061 1080 1397 1160 Salomon,
1429 1080 1817 1163 desidiaque
1845 1077 2027 1141 ruit:

655 1184 880 1278 Cujus
910 1186 1071 1249 dum
1100 1188 1388 1250 matrem
1415 1187 1611 1270 pater
1640 1184 1790 1269 ejus
1821 1182 2181 1261 adulterat,
2212 1179 2393 1245 idem

752 1288 911 1355 Otia
939 1289 1138 1354 tarda
1165 1288 1373 1369 fovet,
1405 1310 1544 1353 non
1572 1288 1723 1353 fera
1750 1286 1928 1352 bella
1955 1287 2203 1350 movet.

666 1389 824 1459 Otia
856 1414 1052 1476 quam
1084 1395 1398 1471 noceant,
1429 1392 1692 1457 diversa
1718 1389 2017 1476 pericula
2044 1388 2361 1468 clamant,

749 1496 910 1563 Otia
939 1496 1304 1561 debilitant
1334 1516 1633 1581 corpora,
1666 1494 1868 1559 corda
1897 1493 2142 1579 ligant.

845 1716 929 1778 ΙΙ
927 1715 1215 1792 &Quod
1240 1715 1446 1798 prosit
1466 1714 1829 1798 plurimum
1855 1714 2063 1777 vitare
2091 1713 2315 1777 otium.

663 1852 829 1917 Haec
860 1872 986 1937 ego
1016 1853 1178 1916 dum
1206 1851 1448 1929 recolO,
1478 1872 1600 1937 pro
1629 1850 1885 1916 viribus
1916 1852 2058 1916 otia
2086 1851 2249 1931 vit0,

750 1954 912 2021 Vito
942 1956 1120 2040 quod
1146 1955 1397 2020 invitat
1424 1976 1699 2040 prorsus
1728 1955 1818 2019 ad
1846 1975 2044 2019 omne
2071 1954 2346 2018 malum.

664 2061 757 2124 Et
786 2059 949 2144 quid
977 2081 1106 2144 ago
1128 2062 1160 2125 P
1203 2079 1342 2123 non
1372 2080 1561 2124 arma
1587 2058 1756 2139 fero,
1788 2079 1926 2123 non
1955 2059 2200 2125 maenia
2226 2078 2426 2144 pon0,

753 2164 864 2228 Ad
892 2164 1079 2228 lucra
1108 2185 1247 2229 non
1278 2165 1464 2243 sud0,
1497 2163 1758 2229 semina
1787 2163 1975 2227 nulla
2006 2184 2173 2228 ser0.

672 2268 805 2333 Sed
835 2268 1068 2333 Musas
1099 2269 1170 2333 et
1199 2288 1469 2333 carmen
1499 2288 1672 2348 amo,
1704 2289 1920 2351 neque
1951 2268 2140 2333 curia
2170 2289 2401 2332 curam

755 2372 956 2436 Hanc
984 2371 1154 2435 mihi
1184 2370 1529 2436 Pieridum
1557 2372 1796 2436 tollere
1825 2374 2059 2436 nostra
2086 2374 2333 2457 potest.

670 2476 955 2542 Ferveat
986 2477 1170 2541 ecce!
1219 2474 1379 2540 licet
1406 2474 1570 2540 levis
1600 2476 1769 2555 alea,
1800 2478 2060 2541 tessera
2090 2479 2323 2555 certet,

755 2580 1054 2667 Turgeat
1085 2600 1236 2646 acer
1265 2600 1486 2664 eques,
1518 2579 1721 2646 verba
1752 2580 2037 2666 superba
2066 2579 2335 2659 volent3

664 2686 758 2749 Et
788 2685 920 2749 seri
949 2684 1107 2749 licet
1135 2683 1296 2748 inde
1320 2704 1512 2748 senes
1543 2705 1666 2748 sua
1695 2685 1870 2749 seria
1899 2687 2221 2765 tractent,

749 2788 935 2859 Hinc
962 2788 1175 2853 instet
1205 2787 1407 2852 variis
1435 2787 1593 2853 laeta
1621 2787 1905 2874 juventa
1945 2788 2116 2873 jocis
2143 2813 2159 2852 z

666 2892 754 2956 In
785 2893 1079 2977 strepitu
1107 2891 1336 2963 studio
1365 2891 1757 2977 plerumque
1786 2912 2024 2957 vacare
2053 2892 2307 2973 laboro,

750 2996 935 3061 Hinc
965 2996 1157 3080 quasi
1186 2994 1327 3059 non
1354 2995 1618 3060 videam
1649 2995 1865 3060 stulta
1893 2996 2117 3061 videre
2149 3017 2358 3081 queo:

665 3100 851 3164 Hinc
879 3099 1041 3165 licet
1069 3099 1156 3163 ad
1185 3102 1454 3163 nostras
1486 3119 1705 3163 sermo
1736 3102 1996 3184 strepat
2024 3099 2236 3184 ipsius
2268 3120 2484 3180 aures,

755 3204 942 3288 Saepe
971 3203 1135 3268 licet
1162 3206 1430 3287 tangat,
1462 3223 1599 3267 non
1621 3205 1853 3268 tamen
1881 3202 2097 3267 intrat
2128 3224 2262 3268 eas.

665 3306 966 3373 Pierides
995 3306 1166 3370 mihi
1195 3308 1355 3371 sunt
1384 3306 1663 3389 equites,
1698 3306 1815 3370 sed
1844 3308 1914 3371 et
1945 3305 2093 3371 alea
2120 3306 2314 3371 nobis

753 3411 1009 3475 Nostra
1036 3407 1297 3489 Thalia,
1330 3409 1545 3495 stylus
1574 3412 1832 3474 tessera
1862 3413 2061 3495 grata
2103 3410 2297 3475 mihi.

671 3513 1016 3600 Accipiter
1044 3512 1215 3576 mihi
1245 3532 1417 3598 saepe
1446 3512 1640 3592 liber,
1673 3532 1939 3577 versum
1967 3513 2111 3579 vice
2139 3515 2295 3580 Nisi

752 3619 1018 3699 Tract0‚
1041 3638 1164 3702 pro
1188 3616 1467 3682 canibus
1499 3616 1799 3681 carmina
1829 3637 2002 3702 saepe
2032 3638 2289 3703 sequor.

667 3721 799 3787 Pro
827 3720 1106 3807 phalera
1131 3720 1458 3806 pluteum,
1489 3719 1821 3785 calamum
1849 3720 2060 3806 jaculi
2087 3721 2230 3787 vice
2257 3725 2476 3807 port0,

749 3826 966 3891 Arcus
997 3829 1067 3890 et
1095 3845 1282 3889 arma
1310 3844 1522 3903 meus,
1555 3824 1717 3887 dum
1745 3827 1962 3906 vacat,
1996 3828 2101 3889 est
2130 3825 2449 3892 calamus.

834 4048 959 4112 III
960 4048 1151 4112 .—In
1183 4067 1303 4132 quo,
1323 4046 1581 4130 prosint
1625 4046 1876 4110 auctori
1903 4069 2025 4111 sua
2054 4051 2371 4117 carmina.

662 4185 794 4267 Qui
822 4185 983 4251 licet
1011 4184 1327 4248 exhibeat
1356 4203 1573 4267 neque
1601 4182 1893 4248 fulmina
1921 4183 2351 4268 Quintiliani,
2409 4206 2414 4213 ·

746 4290 892 4354 Nec
917 4287 1155 4352 fluvios
1186 4286 1439 4366 Plauti,
1473 4308 1592 4352 seu
1620 4284 1962 4353 Ciceronis
1993 4309 2173 4373 opes,

658 4387 749 4457 Et
778 4392 941 4457 licet
969 4391 1150 4456 hunc
1179 4392 1449 4475 superet
1475 4391 1807 4456 brevitate
1838 4390 2171 4458 Salustius
2200 4398 2382 4480 apta,

745 4495 1009 4561 Ennius
1037 4494 1337 4580 ingeniO,
1365 4493 1659 4580 pondere
1687 4494 1901 4559 Varro
1930 4515 2050 4561 suo
2073 4521 2092 4575 3

2209 4603 2325 4665 122

2589 482 2669 548 6'7

2788 767 2871 832 15

2794 1293 2875 1356 20

2795 2055 2876 2118 25

2795 2577 2878 2641 30

2796 3100 2879 3163 35

2790 3623 2876 3686 40

2783 4408 2869 4472 45
