3308 5200
710 534 797 612 26

383 2408 534 2460 Peter
542 2423 676 2472 sym-

379 2474 612 2537 pathizes

379 2539 510 2588 with

383 2605 664 2655 Lam-enee.

383 4389 448 4441 In
460 4389 584 4440 vain
601 4403 679 4439 we

380 4456 518 4509 tried
542 4468 681 4505 arms

383 4522 441 4573 in
461 4519 658 4587 opposi-

382 4588 514 4640 tion.

1460 557 1740 613 numm
1783 556 2153 614 umanum

966 719 1177 789 Plura
1201 719 1438 787 furens
1468 719 1732 788 homini
1759 720 1975 808 flagra
2004 721 2324 808 suboptat
2351 720 2554 789 homo
2576 720 2610 788 i>

707 823 787 889 Ιι.
883 822 1048 889 Plus
1076 845 1227 892 reor
1255 845 1401 892 esse
1429 824 1576 910 pias
1605 825 1896 911 pendere
1924 846 2044 911 per
2071 826 2278 894 ubera
2303 827 2577 906 matres,

965 929 1057 993 Et
1084 928 1274 995 molli
1301 929 1581 1020 miseras
1610 930 1813 997 ubere
1843 929 2013 994 dura
2039 927 2228 1015 pati3

877 1031 1179 1118 Virginis
1211 1035 1281 1100 et
1306 1036 1553 1100 tenerae
1582 1032 1787 1098 duras
1815 1032 2151 1100 terebrare
2178 1031 2551 1098 mamillas=

963 1136 1249 1218 Dehinc,
1282 1137 1400 1203 sed
1427 1137 1833 1217 inauditum,
1863 1137 2085 1217 Petre‚
2115 1138 2351 1204 tacebo
2380 1137 2655 1203 malum.
2966 1150 3103 1220 370

877 1239 1035 1306 Non
1061 1240 1352 1307 referam
1380 1261 1545 1320 rem,
1578 1240 1800 1319 Petre,
1831 1239 2049 1306 feram
2077 1261 2214 1324 qua
2242 1241 2513 1307 sordeat
2541 1243 2676 1321 abr,

962 1343 1264 1411 Nauseet
1292 1343 1598 1424 auditor3
1645 1343 1884 1425 foetet3
1928 1344 2002 1407 in
2030 1364 2254 1427 aequor
2281 1348 2416 1411 eat.

877 1448 1151 1516 Letheis
1179 1451 1524 1533 mergatur
1552 1446 1745 1530 aquis
1774 1467 1860 1512 ne
1888 1445 2077 1511 fama
2102 1447 2357 1512 futuris

963 1551 1157 1618 Talia
1182 1551 1596 1637 temporibus
1622 1553 1900 1633 tamque
1928 1549 2227 1617 nefanda
2258 1550 2462 1618 ferat.

880 1656 986 1722 Sit
1016 1655 1267 1722 dixisse
1298 1654 1467 1721 satis
1495 1674 1635 1721 non
1666 1674 1865 1739 posse
1892 1653 2193 1738 pericula
2221 1654 2356 1721 dici
2965 1673 3101 1741 375

960 1760 1138 1826 Urbs
1167 1779 1371 1844 quam
1399 1757 1616 1823 multa
1644 1776 1920 1843 gemens
1948 1757 2253 1824 noscitur
2280 1757 2417 1824 ista
2456 1759 2627 1845 pati.

877 1862 953 1929 Si
982 1863 1132 1947 quis
1163 1865 1452 1942 amatur,
1484 1861 1631 1947 agit
1661 1881 1787 1926 sua
1811 1881 1965 1926 raro
1993 1861 2272 1947 negotia
2300 1861 2504 1944 solus,

960 1967 1206 2033 Creber
1234 1965 1298 2033 ei
1328 1966 1549 2032 socius
1580 1963 1886 2049 quisquis
1917 1964 2171 2031 amicus
2202 1966 2417 2033 adest.

875 2070 1165 2150 Gaudet,
1195 2072 1266 2138 et
1293 2069 1444 2156 ejus
1473 2089 1746 2134 amans:
1791 2067 1933 2148 flet,
1965 2071 2034 2135 et
2062 2068 2213 2156 ejus
2236 2090 2509 2151 amans3
2540 2070 2891 2137 adamatus

960 2174 1210 2254 Floret,
1242 2175 1312 2239 et
1340 2170 1492 2257 ejus
1523 2191 1797 2252 amans3
1842 2174 2018 2252 avet,
2050 2174 2121 2238 et
2148 2172 2300 2258 ejus
2330 2194 2587 2240 amans.
2956 2194 3093 2262 330

872 2278 1010 2343 Hic
1040 2298 1165 2343 sua
1192 2278 1438 2342 cuncta
1456 2276 1563 2341 sui
1591 2276 1771 2341 bona
1799 2295 1917 2342 seu
1942 2275 2126 2341 mala
2153 2281 2381 2343 censet
2410 2277 2631 2357 amici,

958 2381 1103 2448 Nec
1129 2380 1364 2466 procul
1394 2378 1773 2465 exemplum
1802 2379 1983 2464 quod
2009 2400 2216 2464 prope
2247 2401 2445 2447 cerno
2472 2386 2722 2467 petam.

873 2486 1017 2552 Nos
1048 2505 1280 2551 sumus
1308 2484 1382 2548 in
1411 2504 1651 2564 causa3
1697 2483 1877 2568 quod
1905 2483 2089 2550 enim
2116 2483 2524 2551 Laurentius
2555 2487 2722 2567 odit,

957 2590 1124 2657 Odit
1152 2594 1222 2657 et
1249 2589 1380 2655 hoc
1407 2587 1690 2669 Petrus,
1735 2587 1916 2673 quod
1943 2586 2049 2655 vel
2078 2609 2288 2671 amas,
2317 2589 2390 2654 id
2419 2605 2620 2659 amo.'

872 2694 1076 2762 Urbis
1105 2698 1175 2762 et
1204 2693 1347 2779 ipse
1376 2694 1515 2758 tuae
1544 2691 1818 2777 deploro
1846 2691 2144 2776 pericula
2168 2696 2414 2774 tecum,
2958 2716 3090 2784 335

958 2798 1122 2881 Quae
1150 2797 1331 2884 parit
1360 2796 1434 2860 in
1460 2796 1680 2861 furias
1707 2798 1985 2881 pectora
2012 2816 2242 2862 versus
2271 2797 2493 2890 homo.

874 2904 1008 2971 Sed
1034 2902 1185 2988 quis
1214 2901 1437 2981 homo,
1470 2898 1764 2984 scopulis
1792 2899 1996 2965 homo
2023 2898 2202 2966 forte
2228 2901 2620 2985 parentibus
2658 2905 2870 2984 ortus,

955 3007 1182 3073 Ubera
1209 3004 1318 3071 cui
1344 3023 1553 3089 puero
1580 3006 1778 3069 torva
1802 3002 2016 3069 leaena
2044 3002 2256 3085 dedit,

871 3109 1001 3177 Cui
1023 3108 1260 3197 juveni
1289 3106 1508 3173 silices
1539 3105 1824 3191 cingunt
1848 3105 2217 3191 praecordia
2250 3127 2456 3188 venae,

955 3215 1084 3282 Oui
1111 3214 1286 3278 nihil
1312 3212 1594 3278 humani
1621 3212 1912 3297 pectoris
1942 3233 2088 3279 esse
2116 3216 2309 3298 patet
2329 3215 2363 3279 ἱ)
2954 3239 3085 3305 390

776 3336 784 3344 '
871 3320 930 3388 Ο
958 3319 1078 3386 ubi
1107 3320 1270 3384 sunt
1298 3317 1628 3395 homines,
1659 3316 1777 3380 ubi
1804 3336 1946 3396 reX,
1976 3315 2095 3382 ubi
2122 3315 2253 3397 leX,
2283 3317 2401 3383 ubi
2428 3313 2646 3384 virtus
2667 3320 2700 3384 ἱ)

957 3424 1095 3501 Cur
1121 3443 1261 3488 non
1289 3420 1533 3488 Petrus
1564 3420 1760 3486 adest
1787 3418 1901 3484 hic
1931 3419 2046 3485 ubi
2075 3417 2299 3487 Oaesar
2326 3422 2515 3489 abest
2532 3425 2565 3489 ἱ)

875 3525 951 3595 Si
979 3526 1281 3614 gladium
1307 3525 1503 3611 regni
1528 3523 1778 3610 vagina
1804 3524 2093 3590 tacenda
2117 3525 2443 3608 recondit,

958 3628 1017 3699 Ο
1046 3630 1312 3718 gladius
1342 3628 1601 3694 Christi
1633 3626 1797 3712 quid
1821 3627 2169 3694 bisacutus
2199 3629 2345 3715 agit
2365 3632 2399 3696 ἱ)

871 3734 1020 3802 Hos
1048 3734 1233 3820 rigor
1260 3732 1553 3800 ecclesiae
1581 3730 1834 3798 feriens
1864 3732 2293 3800 anathemate
2321 3732 2604 3820 frangat
2651 3782 2656 3789 -
2951 3757 3079 3826 395

958 3839 1144 3920 Quos
1171 3837 1275 3902 vis
1303 3836 1567 3901 militiae
1593 3833 1859 3902 flectere
1886 3835 2110 3900 fracta
2135 3837 2406 3920 nequit!

877 3943 1124 4010 Omnia
1147 3939 1513 4025 temptanti
1542 3938 1911 4005 succedunt
1937 3938 2127 4004 nulla
2154 3939 2391 4022 dolori,

959 4047 1309 4124 Nostrum,
1339 4043 1562 4123 Petre‚
1591 4041 1847 4107 malum
1875 4043 2065 4109 nulla
2089 4044 2350 4112 medela
2374 4045 2574 4112 levat.

876 4151 1159 4216 Frustra
1185 4147 1522 4226 militiam,
1551 4146 1814 4211 frustra
1838 4147 2316 4232 temptavimus
2345 4170 2553 4231 arma,

962 4254 1246 4318 Frustra
1273 4255 1433 4316 sunt
1459 4248 1647 4315 varia
1676 4248 1935 4334 spicula
1958 4250 2170 4315 missa
2201 4272 2445 4333 manu3
2948 4276 3081 4348 400

876 4357 1080 4425 Urbis
1110 4360 1179 4423 et
1208 4358 1366 4421 ante
1392 4354 1573 4421 fores
1601 4355 1865 4419 armato
1893 4352 2109 4420 milite
2142 4353 2368 4436 cincti,

960 4459 1285 4527 Venimus
1313 4457 1387 4522 in
1414 4477 1684 4537 vanum,
1728 4456 1830 4521 vis
1859 4456 1977 4522 ubi
2005 4457 2227 4523 multa
2250 4458 2464 4525 stetit.

875 4566 1200 4634 Attamen
1228 4564 1522 4630 armatos
1552 4561 1947 4636 descendere
1974 4560 2170 4628 vallis
2197 4561 2287 4629 ad
2314 4582 2581 4631 amnem
