3308 5200
181 1329 422 1379 Durham

179 1398 375 1445 cannot
394 1396 462 1446 be

180 1460 426 1513 stormed.

181 2161 291 2212 The

176 2227 450 2277 cathedral

181 2293 295 2342 also
316 2293 363 2341 is

180 2357 457 2421 profaned.

188 3926 419 3981 Soldiers

183 3994 488 4111 ἷζὲξῗὼ

189 4342 273 4392 No
292 4355 395 4392 ser-

188 4407 332 4458 vices
344 4423 359 4468 3
373 4405 491 4457 dice

190 4471 299 4549 {md
313 4471 489 4523 drink-

1107 539 1607 597 mnmmnnsm.
1695 539 1903 597 mna
1946 541 2026 598 11.
2471 522 2476 531 '
2523 514 2551 578 ’ἶ
2608 517 2690 596 27

762 709 1072 778 Fecimus
1103 711 1491 798 armigeros,
1519 708 1722 795 vique
1747 730 1970 777 meare
2000 696 2290 791 radum3

677 813 862 896 Quos
890 837 1098 902 prope
1124 815 1332 902 longa
1360 815 1467 881 sui
1494 815 1796 901 crispans
1824 814 2107 881 hastilia
2130 813 2299 882 ferri
2762 813 2891 879 405

764 917 1116 1004 Anglicus,
1147 924 1217 986 et
1246 922 1472 986 custos
1504 919 1795 1005 agminis
1825 920 1971 984 ibat
2000 940 2200 1003 eques
2224 944 2244 999 3

676 1021 769 1087 Et
795 1022 1130 1107 pharetris
1161 1021 1504 1089 succincta
1531 1022 1735 1103 latus,
1764 1022 2131 1106 laevamque
2159 1021 2416 1108 repleta

764 1125 1073 1192 Arcubus
1104 1126 1249 1192 ibat
1277 1127 1375 1192 eis
1403 1130 1719 1211 prompta
1745 1126 2029 1211 juventa
2057 1145 2298 1192 comes.

682 1229 815 1296 Sed
843 1231 1067 1316 gravis
1096 1230 1170 1294 in
1198 1229 1415 1295 nihilo
1443 1230 1634 1295 labor
1662 1230 1895 1295 irritus
1925 1229 2040 1296 ille
2067 1230 2319 1297 resedit
2342 1253 2362 1309 3

764 1334 900 1400 Res
927 1335 1189 1401 ratione
1216 1355 1462 1400 vacans
1492 1335 1786 1421 impetus
1817 1334 1938 1399 illa
1963 1335 2102 1400 fuit
2125 1360 2145 1416 3
2765 1335 2894 1400 410

677 1435 1026 1523 Aggressu
1055 1438 1384 1522 siquidem
1415 1440 1859 1506 conscendere
1887 1439 2057 1505 velle
2087 1437 2524 1517 Dunelmum,

765 1543 1079 1608 Arbitror
1105 1563 1253 1609 esse
1282 1564 1491 1607 manu
1517 1548 1799 1628 tangere
1827 1542 1997 1608 velle
2024 1542 2293 1627 polum:
2581 1540 2590 1550 '

679 1644 859 1726 Quid
887 1647 1156 1713 morer?
1201 1668 1389 1712 arma
1433 1646 1627 1726 nihil,
1658 1646 1835 1712 vires
1863 1644 2060 1725 nihil,
2094 1666 2202 1710 ars
2238 1643 2435 1725 nihil,
2477 1641 2700 1728 ampla

765 1749 946 1817 Gens
977 1750 1171 1831 nihil,
1201 1753 1271 1817 et
1299 1750 1494 1816 nobis
1524 1771 1659 1816 aera
1688 1750 1927 1816 dedere
1956 1747 2152 1814 nihil.

679 1853 837 1920 Non
861 1855 1173 1940 jaculans
1205 1855 1567 1921 anathema
1591 1853 1816 1921 ferum
1846 1853 2153 1920 cohibere
2179 1852 2440 1920 feroces
2768 1856 2897 1923 415

765 1956 1019 2043 Anglia
1045 1961 1198 2023 tota
1223 1957 1402 2023 viros
1432 1957 1651 2022 Roma
1678 1957 1783 2023 vel
1813 1957 1965 2042 ipsa
1998 1959 2246 2043 potest.

679 2059 861 2142 Quin
889 2061 1137 2126 ludunt
1165 2062 1415 2127 nostris
1443 2061 1703 2126 indicta
1731 2060 2004 2127 silentia
2032 2060 2262 2140 sacris,

765 2164 910 2231 Nec
937 2165 1256 2232 miserum
1286 2165 1537 2245 miseri,
1568 2166 1791 2244 Petre‚
1823 2163 2018 2230 silere
2050 2163 2275 2230 silent.

685 2269 732 2335 J
733 2289 844 2333 am
860 2268 1151 2334 modulis
1172 2269 1354 2335 mala
1372 2272 1608 2334 nostra
1628 2268 1819 2333 novis
1841 2268 1991 2354 loca
2029 2287 2220 2333 sacra
2244 2267 2699 2353 prophanans,

774 2362 1061 2438 Insonat
1087 2373 1161 2436 in
1191 2372 1398 2439 sacris
1427 2372 1540 2438 hic
1567 2372 1744 2437 latro
1775 2392 1948 2456 saepe
1973 2371 2166 2437 locis.
2769 2380 2898 2444 420

517 2475 597 2542 P.
686 2477 955 2561 Ergone
984 2476 1128 2561 jam
1154 2476 1501 2542 theatrum
1532 2475 1930 2561 speluncave
1957 2474 2146 2541 facta
2172 2474 2513 2539 latronum

770 2581 898 2646 Est
926 2580 1164 2646 domus
1193 2579 1314 2646 illa
1338 2579 1468 2648 Dei
1488 2582 1521 2646 i>
1568 2580 1689 2646 sed
1715 2578 1886 2644 mihi
1915 2582 2130 2666 caepta
2155 2577 2356 2647 refer.
2441 2577 2700 2663 [haeret.

506 2685 585 2751 L.
682 2684 840 2751 Non
859 2705 1159 2771 possum.
1204 2683 1285 2750 P.
1332 2684 1513 2766 Quid
1536 2684 1637 2750 ita
1659 2686 1693 2750 ἱ)
1739 2685 1817 2749 L.
1864 2683 2042 2765 Quia
2056 2705 2186 2750 vox
2206 2681 2374 2747 mihi
2390 2681 2701 2749 faucibus

765 2791 848 2853 P.
906 2787 1058 2854 Hoc
1082 2788 1380 2854 subitum
1403 2790 1570 2854 satis
1588 2792 1716 2855 est.
1773 2789 1852 2854 L.
1898 2788 1996 2854 At
2014 2788 2185 2853 mihi
2206 2810 2410 2855 causa
2429 2789 2678 2856 subest.

505 2893 587 2958 P.
676 2891 840 2973 Quae
857 2894 1066 2977 rogo?
1131 2892 1210 2957 L.
1235 2892 1371 2959 Res
1389 2893 1623 2960 eadem
1640 2892 1812 2957 mihi
1832 2891 1931 2959 fel
1949 2893 2151 2978 sapit,
2181 2893 2386 2978 inque
2407 2891 2701 2979 capistro
2769 2900 2898 2966 425

764 2994 1128 3081 Lampadis
1157 3016 1233 3061 os
1265 2996 1521 3062 socium
1550 2996 1780 3063 ludere
1808 2996 1966 3062 nolo
1994 3017 2240 3062 meum.

680 3097 954 3164 Flebilis
981 3097 1286 3162 historiae
1313 3097 1530 3184 flagra
1559 3098 1802 3184 saepius
1834 3098 2106 3164 auribus
2137 3098 2391 3179 hausit,

766 3201 937 3268 Rem
974 3204 1185 3281 tenet,
1215 3200 1290 3264 in
1321 3202 1537 3267 socias
1569 3223 1793 3287 surge,
1824 3200 2162 3288 Philippa,
2193 3202 2394 3269 vices.

510 3304 634 3372 Ph.
677 3304 918 3371 Dicere
946 3325 1086 3369 non
1113 3325 1432 3390 possum3
1471 3305 1692 3390 pudor
1720 3309 1845 3385 est,
1892 3310 1963 3372 et
1991 3305 2208 3373 dicere
2249 3326 2567 3391 possum:

766 3409 895 3474 Est
920 3408 1146 3488 timor,
1190 3412 1445 3493 estque,
1474 3413 1707 3475 tamen
1736 3409 1956 3476 dicere
1983 3409 2161 3491 nolo,
2195 3409 2413 3475 furor.
2769 3422 2898 3486 430

681 3511 860 3579 Nam
886 3512 1062 3576 nihil
1088 3512 1250 3578 hinc
1277 3533 1558 3597 nequeo,
1586 3534 1804 3596 neque
1832 3512 2125 3578 forsitan
2146 3514 2375 3579 omnia
2400 3532 2698 3600 possum,

771 3615 936 3697 Quae
963 3637 1070 3682 me
1098 3616 1265 3683 velle
1293 3620 1524 3683 tamen
1549 3617 1676 3697 vis,
1709 3639 1790 3684 ea
1816 3620 2061 3683 cuncta
2087 3617 2260 3683 volo.

686 3719 821 3785 Res
848 3720 1123 3804 probet:
1170 3719 1463 3788 ecclesiae
1493 3741 1659 3806 gens
1689 3720 1977 3808 imperat
2003 3720 2215 3806 impia
2242 3722 2515 3801 nostrae,

771 3822 987 3907 Inque
1016 3823 1250 3889 furens
1282 3823 1506 3909 adytis
1537 3845 1727 3890 arma
1752 3825 2064 3909 virosque
2093 3824 2294 3890 locat.

685 3925 821 3991 Hic
848 3926 1163 3991 monachi
1190 3926 1334 3993 vice
1361 3926 1555 3994 miles
1586 3928 1819 4008 adest3
1867 3927 2111 3993 altaria
2138 3928 2393 3993 nudam
2772 3941 2901 4007 435

771 4029 1213 4097 Praetendunt
1239 4030 1517 4111 faciem3
1562 4032 1857 4117 pristina
1880 4032 2107 4098 forma
2132 4031 2333 4117 perit.

690 4132 895 4200 Sacra
920 4137 1223 4219 gemunt,
1245 4135 1643 4201 holocausta
1663 4136 1920 4221 tepent,
1941 4157 2063 4203 seu
2075 4135 2392 4200 funditus
2434 4134 2702 4222 algent3

775 4237 982 4304 Festa
1006 4242 1273 4319 vacant,
1303 4237 1562 4305 Christi
1587 4239 1739 4305 laus
1766 4239 1944 4320 silet,
1974 4240 2138 4306 ordo
2167 4240 2330 4304 ruit.

691 4340 949 4427 Saepius
979 4341 1356 4409 insomnem
1383 4342 1550 4409 levis
1579 4342 1796 4427 exigit
1824 4342 1973 4409 alea
1998 4347 2287 4423 noctem,

775 4446 927 4526 Qua
953 4445 1117 4510 dum
1144 4467 1283 4513 non
1310 4446 1571 4533 perdat,
1600 4446 1756 4533 plus
1786 4445 1882 4511 ibi
1909 4446 2132 4532 perdit
2159 4447 2386 4514 hebes.
2773 4463 2902 4529 440

687 4549 969 4619 Tessera
994 4572 1118 4638 pro
1146 4550 1448 4639 psalmis,
1477 4572 1602 4639 pro
1630 4549 1813 4617 dulci
1839 4551 2082 4636 pocula
2109 4553 2337 4633 cantii,
