3308 5200
712 517 794 586 60
1469 538 1748 589 numm
1792 539 2162 588 mumma

965 696 1226 763 Ventus
1265 718 1466 781 quam
1493 698 1709 763 virtus
1739 697 1996 784 gratior
2022 719 2233 782 usque
2262 696 2471 777 mihi3
2597 759 2603 765 .

878 798 971 862 Et
998 821 1180 866 nunc
1208 805 1432 868 mente
1461 803 1616 867 rudi
1643 803 2010 888 penetrabo
2037 801 2296 887 palatia
2324 802 2468 866 caeli
2485 802 2519 865 ἱ)

376 932 604 996 Already
969 901 1132 982 Quae
1164 925 1364 989 super
1390 905 1499 969 his
1527 905 1723 991 potui
1750 927 1932 971 nunc
1961 905 2090 971 tibi
2120 906 2300 969 dona
2327 905 2518 973 dedi:

378 998 582 1111 2¹3&
584 970 679 1114 1353
880 1006 1131 1072 Noster
1158 1011 1227 1074 et
1257 1007 1369 1075 ille
1397 1009 1568 1075 liber
1595 1009 1828 1075 Veteri
1856 1029 2055 1092 quem
2082 1009 2385 1075 versibus
2416 1008 2578 1073 olim

373 1127 467 1177 the
492 1127 593 1177 Old
964 1110 1067 1176 De
1097 1110 1530 1177 Testamento
1561 1113 1930 1197 carpsimus
1963 1115 2164 1195 atque
2193 1112 2430 1192 Nov03
2965 1122 3097 1186 490

377 1192 634 1307 ffiffiew
879 1215 1084 1281 Hunc
1113 1216 1186 1279 in
1214 1216 1347 1282 fine
1377 1237 1498 1281 suo
1527 1217 1731 1283 finem
1762 1238 1959 1301 quem
1986 1217 2325 1301 poscimus
2357 1217 2518 1298 edit,

375 1325 563 1373 ments.
965 1319 1189 1384 Multa
1214 1320 1399 1386 brevi
1428 1319 1746 1385 cohibens
1778 1321 1957 1385 dona
1986 1321 2218 1405 cupita
2247 1320 2472 1386 canit:

875 1421 1057 1488 Nam
1085 1422 1269 1488 canit
1298 1422 1647 1490 ecclesiam
1679 1424 1858 1507 quod
1883 1424 2252 1490 transferet
2280 1424 2440 1488 hinc
2469 1424 2894 1510 peregrinam

963 1525 1121 1591 Dux
1148 1527 1303 1611 pius
1332 1526 1405 1589 in
1433 1527 1726 1618 patriam
1753 1530 1910 1612 post
1937 1526 2122 1593 Deus
2152 1526 2311 1612 Ipse
2342 1548 2572 1592 suam:

876 1629 1161 1696 Munera
1187 1650 1311 1715 pro
1338 1630 1599 1697 meritis
1631 1631 1895 1696 diversa
1925 1631 2265 1696 dabuntur
2291 1631 2366 1694 in
2395 1630 2533 1711 illa,
2963 1642 3094 1707 495

964 1734 1198 1800 Sumet
1224 1754 1346 1819 pro
1375 1733 1636 1798 meritis
1666 1734 1819 1819 plus
1848 1734 1909 1798 is
1939 1738 2009 1802 et
2037 1735 2152 1801 ille
2180 1736 2444 1799 minus:

879 1837 1213 1922 Sextaque
1244 1859 1397 1903 cum
1425 1838 1677 1902 mundo
1705 1842 1870 1903 tunc
1899 1838 2137 1903 mundi
2166 1838 2359 1903 finiet
2387 1843 2572 1919 aetas,

958 1943 1050 2005 Et
1077 1944 1242 2007 tunc
1271 1941 1551 2026 incipiet
1582 1941 1873 2026 septima
1900 1941 2034 2006 fine
2065 1963 2320 2008 carens.

873 2045 1042 2110 Pars
1071 2045 1168 2111 ibi
1194 2044 1490 2129 perfecto
1521 2046 1734 2125 cedet,
1767 2066 1919 2130 spes
1949 2045 2078 2111 ibit
2107 2046 2181 2109 in
2212 2050 2463 2127 actum,

373 2185 512 2236 Love
535 2186 672 2236 shall
959 2150 1208 2234 Perpes
1240 2148 1451 2214 stabit
1481 2169 1691 2229 amor,
1725 2169 2031 2234 spesque,
2062 2150 2361 2233 fidesque
2390 2152 2669 2232 cadent3
2962 2164 3095 2229 500

370 2251 436 2364 ξθ
455 2251 598 2301 chief
613 2252 672 2301 in
871 2254 1052 2319 Vera
1080 2274 1234 2318 caro
1265 2251 1531 2318 carnale
1559 2252 1758 2332 nihil,
1790 2252 1889 2316 nil
1917 2273 2106 2319 mens
2137 2253 2450 2334 animale,

407 2330 588 2368 eaven.
958 2356 1078 2447 Nil
1107 2360 1270 2422 aetas
1298 2356 1553 2441 poterit
1581 2358 1818 2421 nostra
1848 2355 2057 2422 senile
2085 2356 2254 2441 pati.

872 2461 1060 2527 Tunc
1090 2461 1234 2526 sine
1263 2464 1461 2526 nocte
1492 2459 1659 2539 dies,
1689 2464 1854 2525 tunc
1881 2460 1999 2525 lux
2029 2461 2160 2528 erit
2190 2461 2440 2546 absque
2468 2462 2787 2543 tenebris,

957 2565 1230 2650 Absque
1260 2563 1487 2631 labore
1518 2564 1732 2649 quies,
1763 2585 1898 2649 pax
1928 2562 2057 2631 erit
2087 2561 2337 2650 absque
2365 2570 2594 2648 metu3

873 2669 1006 2735 Illa
1034 2669 1242 2754 quies,
1275 2669 1415 2749 lux,
1448 2672 1650 2753 atque
1683 2669 1848 2749 dies,
1879 2691 2034 2754 pax,
2068 2673 2268 2753 atque
2296 2671 2609 2755 perennis
2961 2686 3097 2750 505

957 2773 1173 2839 Nobis
1203 2772 1348 2838 vita
1373 2772 1583 2852 Deus,
1613 2772 1763 2837 laus
1793 2773 1924 2838 erit
1954 2776 2156 2857 atque
2187 2773 2391 2839 salus.

872 2876 1122 2944 Omnes
1151 2897 1329 2940 unus
1359 2896 1541 2961 opes,
1572 2879 1642 2941 et
1671 2876 1747 2938 in
1776 2876 2087 2941 omnibus
2118 2878 2347 2941 omnia
2377 2878 2557 2943 solus

368 3032 484 3083 flod
534 3034 647 3083 hau
962 2982 1236 3065 Semper
1264 2980 1395 3046 erit
1426 2979 1631 3059 solus,
1665 2979 2080 3064 sufficietque
2109 2979 2317 3045 Deus.

366 3099 432 3148 be
453 3048 535 3147 alf
546 3099 604 3148 in
656 3074 661 3080 ’
871 3084 1162 3171 Ipseque
1191 3083 1601 3169 principium
1628 3105 1856 3149 rerum
1881 3084 2028 3170 jam
2057 3085 2177 3150 fiet
2206 3106 2460 3167 earum,

368 3164 444 3213 ²11
462 3165 628 3215 there.
754 3260 757 3265 ⁴
956 3188 1147 3253 Finis
1177 3188 1311 3252 fine
1339 3191 1571 3253 tamen
1597 3187 2061 3273 principioque
2091 3210 2348 3255 carens.
2962 3208 3094 3273 510

873 3292 1056 3373 Quid
1082 3290 1237 3376 plus
1267 3289 1428 3356 hinc
1458 3290 1591 3356 dici
1619 3292 1799 3376 petis
1818 3293 1850 3356 9
1896 3293 2310 3376 exspectatio
2339 3294 2559 3360 nostri

956 3396 1085 3459 Est
1114 3398 1183 3461 et
1215 3415 1478 3459 summa
1508 3394 1652 3479 spei
1681 3393 1853 3459 visio
1883 3398 2083 3480 grata
2109 3395 2262 3460 Dei.

701 3500 781 3566 P.
869 3498 1178 3565 Dulciter
1208 3498 1485 3563 auditur
1511 3497 1680 3564 bene
1708 3498 1815 3564 vel
1843 3498 2019 3565 male
2051 3498 2110 3563 si
2138 3499 2303 3583 quid
2331 3504 2619 3582 amatur,

957 3602 1050 3666 Et
1075 3604 1199 3666 tua
1227 3602 1406 3685 quod
1435 3601 1679 3667 cecinit
1705 3623 1836 3667 vox
1865 3602 2037 3666 mihi
2065 3603 2259 3670 dulce
2289 3604 2488 3689 sapit.

870 3704 1155 3771 Dulcior
1184 3708 1476 3771 erectam
1503 3708 1629 3769 tua
1658 3726 1786 3770 vox
1814 3705 1985 3768 1111111
2013 3707 2303 3791 perculit
2332 3729 2585 3789 aurem,
2961 3729 3090 3794 515

959 3810 1196 3876 Finem
1227 3829 1425 3893 quem
1454 3808 1783 3893 cupimus,
1812 3810 1996 3875 festa
2026 3831 2335 3895 superna,
2368 3834 2639 3880 canens.

776 3912 779 3917 ’
834 3930 838 3934 Α
877 3915 1011 3982 Sed
1037 3934 1169 3979 vox
1198 3913 1506 3978 auditum
1534 3912 1688 3997 plus
1717 3914 1861 3978 haec
1890 3912 2118 3979 irritat
2149 3919 2518 3996 amantum,

961 4018 1114 4099 Qua
1142 4017 1348 4082 satiat
1376 4021 1611 4081 votum
1638 4016 1868 4101 pulsat
1896 4020 1966 4084 et
1994 4018 2123 4083 hoc
2144 4022 2213 4084 et
2242 4041 2434 4085 eum:

874 4122 1113 4188 Pulsat
1140 4125 1209 4189 et
1238 4125 1520 4186 exacuat
1548 4121 1760 4187 facies
1792 4121 1958 4187 satis
1987 4144 2166 4188 unus
2194 4123 2487 4208 utrique,

965 4226 1039 4291 Si
1070 4225 1249 4310 quod
1276 4228 1636 4309 utrumque
1663 4223 1873 4305 fovet,
1904 4247 2034 4291 vox
2060 4229 2185 4291 tua
2213 4227 2436 4293 dando
2471 4226 2682 4293 favet.
2959 4251 3092 4317 520

378 4377 580 4431 Lauren
581 4380 655 4432 ce’
657 4395 683 4432 s
706 4332 784 4396 L.
877 4331 1248 4409 Summum,
1278 4329 1501 4408 Petre,
1533 4329 1803 4410 bonum,
1832 4350 1941 4395 res
1972 4334 2078 4397 est
2106 4331 2291 4399 Deus
2323 4332 2584 4416 optima
2609 4353 2854 4414 rerum,

368 4460 569 4562 3213·ae
965 4433 1180 4514 Quem
1210 4433 1333 4518 qui-
1355 4453 1523 4497 sana
1551 4433 1733 4518 sapit
1760 4454 1958 4518 posse
1984 4434 2210 4500 videre
2240 4435 2467 4521 cupit3

879 4540 1131 4624 Estque
1157 4537 1382 4603 videre
1411 4535 1632 4604 Deum
1660 4534 1872 4602 vitam
1898 4539 2222 4604 meruisse
2251 4540 2540 4621 beatam,
