3308 5200
11 2 3035 445 [fflfflwmmfflW-*mmwvw
3176 4 3287 9 ¹⁷--u-

11 489 19 840 s

1069 538 1424 586 ANEODOTA
1470 531 1767 595 QUAEDAM
1813 537 2117 588 POE'HGA.

663 700 806 767 Sub
830 702 1097 768 trutina
1122 706 1388 789 pensat,
1422 703 1549 770 sub
1578 704 1712 771 fine
1738 702 1926 769 modi
1954 702 2345 771 moderatur

748 805 1054 892 Singula,
1087 807 1213 873 sub
1244 810 1430 874 certo
1462 828 1720 875 canone
1751 810 1998 874 cuncta
2026 807 2226 894 ligat.

658 909 796 974 Hic
823 909 1064 975 modus
1095 913 1202 977 est
1232 910 1476 997 auriga
1502 911 1690 992 boni,
1721 933 1952 978 rerum
1978 911 2386 993 moderator,

744 1013 881 1080 Hic
908 1013 1200 1079 moritur
1227 1018 1454 1081 motus
1488 1015 1576 1079 ad
1607 1015 1825 1082 scelus
1856 1036 2055 1082 omne
2084 1035 2386 1082 movens.

659 1116 797 1183 Hic
823 1116 1001 1183 risus
1034 1117 1180 1182 sine
1208 1118 1520 1199 tristitia,
1552 1118 1832 1203 plausus
1867 1118 2011 1185 sine
2040 1118 2345 1205 planctu,

746 1218 1018 1286 Gaudia
1045 1225 1208 1287 sunt
1239 1220 1385 1289 sine
1413 1243 1533 1302 vae,
1563 1242 1682 1287 ver
1712 1222 1860 1289 sine
1889 1222 2026 1289 fine
2054 1222 2301 1290 virens.

659 1322 884 1389 Rarus
913 1322 1011 1390 ibi
1042 1344 1279 1405 sermo,
1309 1325 1540 1391 tenuis
1573 1344 1793 1410 sopor,
1828 1346 2070 1413 aspera
2111 1325 2344 1407 vestis,

746 1425 1070 1514 Vulgaris
1098 1431 1305 1513 potus
1335 1427 1809 1514 insipidusque
1841 1429 2052 1495 cibus.

659 1530 820 1596 Non
846 1552 1088 1597 manus
1118 1531 1232 1598 1110
1263 1535 1464 1613 errat,
1495 1532 1615 1597 lux
1643 1532 1935 1614 lascivit,
1968 1532 2133 1619 gula
2176 1533 2388 1615 saevit,

747 1633 1070 1700 F'luctuat
1100 1635 1401 1716 auditus,
1433 1636 1619 1702 naris
1645 1637 1858 1702 odora
1884 1637 2086 1722 petit.

658 1738 791 1802 Est
817 1738 1002 1804 auris
1033 1759 1160 1805 nec
1188 1738 1538 1819 delicians,
1569 1739 1757 1805 naris
1787 1760 1913 1806 nec
1941 1740 2233 1806 odorans

747 1841 1007 1907 Gustus
1039 1843 1355 1928 agrestis,
1376 1843 1497 1908 lux
1528 1865 1724 1924 caeca,
1749 1845 2060 1910 modesta
2087 1866 2352 1912 manus.

658 1944 818 2010 Non
844 1946 959 2010 hic
990 1950 1308 2032 aspectus
1336 1946 1745 2033 bombycina
1773 1947 1984 2014 vestis
2017 1948 2273 2028 adurit,

745 2047 905 2113 Non
933 2048 1007 2112 111
1033 2051 1224 2115 veste
1253 2049 1479 2115 locum
1505 2050 1709 2115 fucus
1742 2051 2012 2116 adulter
2040 2050 2272 2117 habet.

661 2150 823 2216 Non
852 2151 1060 2217 variis
1092 2151 1287 2217 cibus
1315 2153 1430 2218 hic
1458 2174 1710 2219 mensae
1737 2152 2024 2219 fastidia
2051 2154 2276 2235 tollit3

748 2253 889 2320 Dat
919 2252 1164 2319 solitus
1195 2258 1435 2339 pastus
1467 2276 1724 2336 caseus,
1758 2256 2002 2321 hortus
2035 2255 2205 2323 olus.

658 2355 819 2422 Non
845 2377 1116 2423 mensas
1147 2356 1366 2423 reficit
1393 2356 1495 2422 vis
1527 2358 1893 2425 discretiva
1923 2380 2262 2445 saporum,

746 2459 883 2527 Res
912 2459 1012 2526 ibi
1040 2459 1233 2525 nulla
1263 2460 1445 2549 sapit
1464 2461 1717 2545 absque
1749 2482 1987 2548 sapore
2015 2462 2169 2529 Dei.

660 2563 819 2629 Non
849 2586 1120 2632 carnem
1150 2585 1306 2632 caro
1338 2565 1660 2652 suspirat,
1694 2566 1812 2632 sed
1841 2565 2073 2633 nescia
2101 2567 2324 2633 carnis

748 2668 1039 2735 Carnem
1069 2669 1358 2737 dediscit
1387 2669 1541 2756 plus
1572 2690 1730 2735 caro
1761 2690 1962 2736 carne
1990 2673 2258 2757 potens.

661 2771 822 2838 Non
851 2792 1073 2838 mores
1102 2771 1423 2854 maculat,
1454 2795 1649 2841 renes
1683 2772 1929 2858 quatit,
1962 2774 2171 2839 afficit
2200 2777 2415 2856 artus,

748 2876 1083 2942 Dissolvit
1114 2897 1378 2963 corpus,
1410 2877 1779 2962 imperiosa
1806 2876 2059 2944 Venus.

662 2981 752 3045 Ι11
778 2980 977 3047 vultu
1003 2980 1204 3047 testis
1235 2980 1419 3047 color
1447 2984 1554 3048 est
1582 2985 1653 3048 et
1679 2980 1887 3047 litera
1915 2980 2159 3061 cordis,

749 3082 1005 3151 Mentis
1036 3083 1220 3150 enim
1247 3082 1462 3151 facies
1493 3104 1639 3151 esse
1670 3083 2002 3169 propheta
2035 3083 2229 3150 solet.

662 3186 860 3254 Adde
888 3185 1025 3254 loci
1053 3208 1323 3269 nomen,
1356 3186 1544 3253 locus
1574 3190 1682 3254 est
1710 3187 1824 3251 1110
1852 3186 2126 3253 nomine
2158 3185 2434 3268 Melros,

751 3289 951 3372 Quod
979 3290 1176 3375 quasi
1202 3291 1474 3357 venturi
1501 3289 1746 3375 lingua
1773 3288 2108 3375 propheta
2134 3290 2346 3355 dedit.

664 3394 806 3459 Ros
835 3394 949 3459 1110
977 3414 1090 3460 ros
1122 3414 1311 3461 sacer
1328 3397 1432 3461 est
1459 3394 1888 3478 fecundaque
1907 3393 2134 3479 gratia
2162 3392 2331 3474 caeli,

752 3496 896 3563 Mel
922 3499 1128 3583 typus
1159 3501 1264 3565 est
1294 3497 1516 3581 operis
1547 3499 1755 3581 atque
1785 3497 2008 3582 figura
2031 3495 2215 3561 boni.

675 3598 786 3663 Sit
812 3600 1045 3685 potius
1076 3600 1354 3666 Rosmel
1385 3600 1564 3685 quod
1595 3599 1849 3666 Melros
1881 3599 2154 3680 dicitur,
2186 3602 2268 3664 ut
2300 3599 2392 3666 sit

762 3702 1036 3789 Syllaba
1055 3704 1394 3790 posterior
1422 3704 1763 3770 anteriore
1792 3704 1997 3789 prior.

666 3806 852 3872 Dum
879 3827 989 3872 ros
1034 3807 1147 3874 hic
1188 3828 1314 3873 nos
1344 3807 1611 3889 irrorat,
1642 3805 1954 3892 procedit
1982 3805 2203 3875 inesse

755 3908 1070 3990 Germen,
1102 3913 1172 3976 et
1201 3908 1276 3975 111
1304 3909 1574 3977 fructus
1607 3908 1934 3997 germinis
1979 3930 2146 3977 usus
2176 3910 2343 3977 abit.

2607 512 2693 588 85

2809 911 2894 976 55

2813 1433 2895 1498 60

2813 1953 2895 2017 65

2814 2470 2894 2538 70

2813 2992 2894 3059 ’75

2804 3512 2887 3576 80
