3308 5200
410 1206 512 1258 His
542 1207 708 1258 incor-

409 1272 640 1335 ruptible

404 2903 491 2954 He
534 2906 580 2954 is
613 2906 704 2956 the

402 2984 584 3032 person
647 2975 703 3020 to

406 3034 579 3083 whom
628 3036 703 3085 all

406 3163 558 3212 when
580 3166 637 3213 in

405 3229 623 3279 trouble.

740 504 822 573 70

1322 528 1668 576 EXOERPTA
1711 529 1803 577 Ex
1845 529 2345 580 RYPOGNOSTIOO

908 683 1218 769 Purpura
1248 686 1544 751 membra
1573 686 1827 769 domat,
1856 686 2079 753 bissus
2116 708 2238 753 sua
2275 690 2552 773 pectora
2588 686 2922 766 mundat3

992 788 1038 853 J
1041 787 1342 855 acinctus
1372 811 1636 876 semper
1665 812 1926 857 summa
1953 791 2058 857 vir
2085 791 2216 857 iste
2245 792 2455 876 cupit.

906 892 1126 958 Immo
1155 895 1257 959 vir
1285 895 1446 960 aedis
1476 916 1634 981 opes
1666 896 1913 961 veteris
1944 916 2133 963 sacer
2160 896 2477 982 exprimit
2515 914 2747 961 omnes

993 998 1175 1063 Pura
1202 1003 1450 1080 mente,
1481 1000 1677 1065 bonis
1710 999 2024 1081 moribus,
2055 1020 2168 1065 ore
2198 1021 2408 1066 sacr0.

908 1100 1237 1187 Quodque
1267 1103 1434 1169 satis
1466 1109 1763 1190 stupeas,
1795 1104 1899 1170 vir
1927 1103 2237 1170 amabilis
2265 1103 2674 1169 intemerato

993 1206 1286 1292 Corpore
1316 1208 1702 1274 conformat
1728 1204 2017 1294 mystica
2042 1208 2233 1293 ligna
2267 1207 2549 1273 Sethim.

907 1310 1130 1396 Ligna
1157 1316 1474 1397 perennis
1503 1312 1742 1393 honor,
1772 1314 2157 1398 putrescere
2187 1311 2436 1391 nescia,
2468 1311 2670 1392 ditat,

992 1414 1242 1500 Perpes
1274 1419 1345 1481 et
1373 1415 1738 1501 integritas
1767 1417 1911 1482 haec
1941 1436 2131 1481 sacra
2157 1416 2459 1481 membra
2489 1414 2636 1480 viri.

916 1518 1198 1606 Integer
1224 1522 1295 1584 et
1322 1519 1571 1585 blando
1599 1521 1914 1605 perfusus
1943 1520 2245 1586 membra
2272 1523 2527 1604 tepore,

989 1623 1465 1708 Articulosque
1493 1624 1674 1689 nitet
1701 1623 1946 1689 flexilis
1974 1624 2121 1710 ipse
2151 1644 2328 1689 suos.

904 1727 1183 1793 Vestem
1210 1748 1367 1793 vero
1395 1726 1525 1792 viri
1552 1749 1694 1792 non
1724 1728 1964 1793 atterit
1992 1749 2173 1814 aegra
2199 1730 2531 1808 vetustas,

990 1832 1134 1897 Nec
1161 1853 1423 1897 morsus
1451 1831 1657 1897 tineae
1686 1832 1903 1917 carpit
1933 1832 2157 1897 edacis
2187 1852 2357 1896 eam.

903 1937 1045 2002 Lex
1072 1937 1355 2022 antiqua
1382 1957 1632 2002 novum
1659 1937 1992 2022 prompsit
2022 1936 2167 2002 sine
2197 1938 2331 2002 fine
2360 1937 2672 2017 nitorem,

988 2041 1209 2106 Testis
1240 2044 1309 2106 et
1338 2040 1703 2127 integritas
1731 2040 2155 2127 integritatis
2186 2041 2398 2106 adest.

901 2144 1277 2231 Integritas
1306 2145 1514 2210 vestis
1545 2144 1774 2210 carnis
1796 2145 2041 2230 probat
2068 2144 2563 2230 integritatem,
2644 2177 2650 2183 ·

987 2248 1226 2314 Carnis
1257 2253 1327 2314 et
1356 2249 1723 2334 integritas
1752 2248 2024 2334 integra
2053 2250 2256 2314 corda
2283 2249 2548 2334 probat.

900 2353 1162 2418 Caetera
1190 2353 1340 2437 quis
1369 2353 1626 2417 referat
1646 2355 1681 2417 ἲ)
1728 2372 1931 2437 quam
1957 2352 2130 2417 mira
2157 2353 2496 2438 peregerit
2525 2352 2724 2434 idem,

987 2458 1136 2539 Quo
1164 2457 1272 2522 vel
1300 2477 1526 2523 amore
1557 2477 1713 2521 suos
1745 2476 2008 2542 semper
2034 2456 2283 2541 ubique
2311 2457 2518 2521 fovet.

898 2561 984 2626 In
1012 2560 1263 2627 morbis
1295 2560 1628 2628 medicina
1654 2562 1920 2646 potens,
1950 2560 2024 2625 in
2053 2560 2327 2626 vulnere
2356 2559 2551 2627 nobis

984 2667 1113 2731 Est
1135 2665 1302 2731 satis
1333 2665 1559 2751 ampla
1588 2665 1794 2745 salus,
1826 2664 2031 2749 inque
2060 2664 2289 2730 labore
2319 2665 2530 2750 quies.

902 2770 978 2834 Si
1005 2791 1129 2835 nos
1160 2769 1379 2836 hostis
1410 2769 1578 2850 adit,
1612 2770 1672 2834 si
1707 2770 1808 2833 vis
1838 2768 2117 2833 inimica
2144 2769 2421 2856 fatigat,

989 2874 1063 2938 Si
1093 2873 1282 2938 dolor
1310 2873 1676 2952 excruciat,
1706 2872 1766 2937 si
1796 2873 1958 2956 quid
1987 2873 2181 2939 adest
2212 2875 2390 2958 quod
2418 2876 2628 2956 obest,

900 2977 1249 3043 Currimus
1282 2978 1369 3043 ad
1400 2977 1679 3042 solitum
1709 2976 2084 3041 dulcedinis
2117 2977 2268 3064 ejus
2299 2978 2583 3064 asylum,

985 3081 1150 3146 Mox
1178 3081 1265 3146 ad
1296 3080 1689 3146 mellifluam
1721 3080 2049 3146 currimus
2078 3082 2228 3168 ejus
2260 3104 2496 3168 opem:

899 3187 992 3250 Et
1023 3186 1184 3270 quid
1215 3186 1363 3272 agit
1383 3188 1417 3250 ἲ)
1458 3206 1772 3270 perversa
1799 3206 2110 3270 premens
2140 3187 2421 3253 adversa
2450 3191 2797 3271 secundat,

987 3290 1223 3355 Dulcis
1254 3310 1438 3354 more
1467 3289 1684 3375 patris
1714 3310 1837 3354 nos
1866 3289 2020 3374 pius
2050 3288 2195 3375 ipse
2223 3292 2431 3358 fovet.

901 3394 1082 3475 Quid
1112 3414 1236 3458 nos
1264 3393 1408 3478 ipse
1438 3393 1675 3481 loquar
1695 3396 1727 3458 ἱ)
1770 3392 1925 3478 pius
1956 3397 2061 3459 est
2090 3397 2161 3459 et
2190 3394 2405 3462 dulcis
2436 3396 2510 3460 in
2540 3418 2791 3480 omnes,

986 3499 1145 3562 Non
1175 3497 1532 3562 exauditus
1562 3518 1762 3562 nemo
1791 3496 2060 3584 rogavit
2089 3519 2264 3564 eum.

1093 3847 1536 3892 111.—ORA'1¹10
1579 3848 1671 3892 AD
1719 3848 2024 3893 SANCTUM
2069 3849 2540 3893 oUTHBERTUM.

905 4016 1154 4082 Sancte
1182 4020 1380 4103 pater
1407 4017 1672 4103 patriae,
1705 4018 2102 4100 Cuthberte,
2134 4018 2238 4084 vir
2265 4019 2542 4106 inclyte,
2578 4019 2781 4101 salve,

991 4120 1184 4185 Salve
1214 4121 1383 4186 dans
1413 4120 1675 4187 miseris
1707 4143 1880 4208 saepe
1910 4122 2149 4188 salutis
2180 4143 2395 4209 opem.

906 4223 1102 4289 Salve
1133 4225 1328 4291 dulce
1359 4225 1582 4307 decus,
1617 4226 1796 4292 salve
1827 4247 1979 4312 spes
2008 4249 2260 4313 magna
2288 4230 2585 4311 tuorum,

989 4328 1226 4394 Virtus
1256 4333 1492 4395 nostra
1518 4329 1689 4411 vale,
1720 4331 1824 4396 vir
1850 4332 2129 4417 pietatis
2159 4333 2308 4398 ave!

907 4431 1015 4496 Sit
1043 4433 1176 4502 tibi
1202 4433 1373 4515 laus,
1407 4424 1499 4498 sit
1529 4433 1779 4520 dignus
1808 4435 2045 4516 honor,
2075 4436 2214 4502 tibi
2236 4436 2462 4522 gratia
2492 4438 2712 4518 detur,

990 4536 1144 4619 Qui,
1173 4536 1334 4602 licet
1362 4536 1671 4623 indignO,
1701 4538 1823 4604 das
1851 4539 2028 4605 bona
2058 4561 2231 4628 saepe
2259 4540 2450 4606 mihi.

3044 685 3127 750 25

3039 1209 3124 1273 30

3037 1730 3122 1794 35

3032 2776 3117 2840 45

3032 3298 3117 3362 50
