3308 5200
23 2 258 90 TW

20 587 33 1002 -.fi—*mr

121 814 141 830 Χ

149 503 159 509 .

18 1027 29 1430 -Πψῄῇ-

1061 597 1416 643 ΔΝΕΟΒΟΤΑ
1461 599 1758 653 QUAEDAM
1803 599 2106 646 POE'HOA.

475 754 692 821 Nemo
722 757 1081 838 Maecenas,
1112 780 1313 825 nemo
1341 759 1544 824 modo
1575 757 1823 838 Oaesar,
1853 758 2148 825 Athenis

469 856 725 924 Laudis
753 860 1009 928 honore
1040 866 1272 928 carent
1299 862 1713 947 fugiuntque
1740 863 2016 928 theatra
2043 884 2375 930 camaenae.

467 961 710 1029 Flacco
740 965 941 1032 'l'iber
971 969 1141 1046 erat,
1171 966 1434 1031 Nasoni
1463 966 1624 1051 jura
1650 970 1960 1051 paterna,

465 1065 758 1133 Mantua
782 1068 1099 1155 Virgilio,
1129 1070 1275 1136 vati
1304 1070 1505 1135 modo
1537 1090 1696 1134 cara
1724 1071 2031 1136 taberna.

466 1169 580 1236 Sic
609 1174 792 1238 artes
821 1176 1127 1257 pereunt,
1160 1173 1258 1238 sic
1285 1193 1482 1237 rarus
1513 1175 1781 1238 amator
1811 1194 2063 1254 earum,

462 1273 646 1340 Raro
673 1278 906 1342 tamen
935 1276 1236 1343 scribens
1263 1280 1630 1362 patronum
1661 1275 1877 1342 sentit
1904 1297 2204 1342 avarum·

464 1376 597 1443 Sed
625 1378 1104 1446 Dunelmensis
1133 1378 1383 1466 praesul
1412 1379 1805 1465 metropolis
1833 1379 2066 1465 Hug0,

458 1481 626 1547 Jure
656 1482 895 1548 dicabo
922 1483 1054 1548 tibi
1086 1505 1232 1567 quae
1261 1482 1564 1548 Palladis
1594 1484 1799 1549 ubere
1824 1503 2036 1568 sugo=

460 1582 642 1648 Nam
670 1605 929 1669 nequeo
956 1586 1251 1652 retinere
1279 1589 1418 1652 tuae
1447 1586 1787 1671 praeconia
1813 1585 2040 1668 famae,

458 1686 627 1754 Haec
654 1691 779 1753 tua
807 1688 1132 1754 nobilitas
1161 1689 1370 1755 moris
1399 1690 1715 1775 imperat,
1748 1690 1963 1775 exigit
1993 1712 2036 1755 a
2064 1712 2193 1757 me.

458 1790 565 1856 Tu
590 1790 765 1855 mihi
793 1792 1150 1872 Maecenas,
1180 1796 1284 1873 tu,
1315 1791 1600 1859 Oaesaris
1630 1792 1911 1858 aemulus
1942 1814 2143 1873 unus,

460 1893 625 1976 Quae
651 1895 782 1960 tibi
811 1895 1083 1961 devovit
1108 1899 1298 1962 vates
1327 1899 1491 1961 tuus
1524 1896 1754 1982 accipe
1782 1916 2053 1962 munus.

458 1997 787 2085 Tempore
810 1998 1113 2065 Oaesareo
1143 1999 1310 2083 quid
1337 1998 1598 2066 Caesare
1625 2000 1853 2085 majus
1884 2000 2143 2081 haberi,

458 2101 587 2168 Vel
616 2101 860 2167 melius
890 2105 1162 2186 poterat
1183 2105 1216 2168 i>
1303 2101 1447 2182 Nil,
1478 2102 1706 2186 inquit
1737 2103 1974 2168 concio
2006 2103 2192 2170 cleri.

458 2204 565 2268 'l'u
591 2204 852 2286 melior,
884 2208 967 2270 tu
994 2205 1219 2290 major
1247 2226 1328 2271 eo
1358 2227 1514 2271 cum
1544 2206 1638 2270 sis
1670 2206 1815 2272 vice
1843 2206 2052 2290 regis,

457 2305 761 2391 Cumque
792 2309 1169 2374 sacerdotio
1199 2310 1488 2395 geminae
1515 2309 1895 2376 moderatio
1922 2310 2117 2395 legis.

454 2408 623 2477 Haec
650 2413 776 2475 tua
800 2411 1128 2496 majestas
1159 2413 1430 2493 meruit,
1460 2413 1745 2497 pietatis
1778 2433 2004 2479 amore

457 2512 746 2579 Fervida
771 2514 1061 2599 justitiae
1089 2507 1229 2581 non
1259 2516 1678 2602 dedignante
1706 2516 1954 2602 rigore.

456 2617 676 2703 Regia
705 2621 1064 2704 progenies
1093 2618 1337 2685 Karoli
1367 2620 1528 2705 quia
1553 2620 1980 2706 posteritatis

455 2721 695 2786 Edidit
724 2721 1016 2808 insignis
1048 2724 1381 2789 successio
1409 2723 1536 2788 flos
1565 2722 1953 2809 probitatis.

456 2823 551 2890 'I'e
580 2824 750 2891 duce
779 2829 994 2912 tango
1024 2826 1293 2906 chelim,
1324 2829 1396 2893 te
1425 2827 1732 2910 praesule,
1762 2830 1965 2911 teque
1994 2830 2308 2911 patron0,

455 2926 622 3006 Quae
650 2928 818 3009 colo,
850 2950 997 3013 quae
1026 2928 1254 3009 laud0‚
1287 2929 1398 2994 cui
1429 2930 1736 3015 supplico
1764 2934 2037 3015 pectore
2065 2951 2301 3016 prono,

2595 584 2679 648 89

2790 958 2875 1023 15

2786 1910 2868 1975 25

2777 2429 2861 2492 30
