3308 5200
742 531 824 601 76
1318 551 1669 602 mnenon
1713 548 2006 610 QUAEDAM
2049 552 2349 600 Pon-nos.

908 709 1063 775 Vivi
1093 709 1232 776 suis
1263 710 1657 776 diffidebant
1686 709 1993 777 domibus
2022 706 2314 775 restitui.

910 813 1200 895 Quidam
1229 817 1463 879 tamen
1492 814 1681 880 lento
1709 816 1879 900 pede
1909 816 2237 880 venerunt
2266 811 2355 877 ad
2382 809 2676 897 propria,
3041 820 3122 883 65

914 918 1044 983 Sed
1072 917 1173 981 nil
1203 938 1429 984 secum
1458 918 1751 983 attulere
1780 918 1916 983 nisi
1943 917 2096 982 fata
2122 915 2372 982 tristia.

911 1021 1132 1103 Quam
1160 1022 1246 1087 ob
1276 1043 1548 1088 causam
1576 1022 1997 1108 singulorum
2025 1043 2196 1086 uxor
2224 1042 2374 1087 cum
2404 1018 2689 1099 familia,

415 1111 569 1160 Their
910 1125 1117 1190 Luxit
1146 1125 1366 1191 virum
1397 1126 1658 1192 cladem
1686 1148 1984 1212 passum,
2017 1146 2142 1191 nec
2171 1125 2493 1210 adeptum
2524 1122 2759 1210 spolia.

414 1177 713 1291 §gesthfpg
909 1229 1412 1314 Prohibentque
1439 1230 1616 1295 viros
1648 1252 1804 1295 suos
1833 1229 2124 1315 praeliari
2155 1229 2374 1295 denuo

412 1306 645 1435 {gagg-ht
910 1334 1166 1398 Maloht
1183 1335 1407 1418 patric
1436 1333 1884 1420 imprecantes
1914 1333 2156 1420 Anglis
2188 1335 2257 1397 et
2288 1329 2701 1398 standardio.
3043 1345 3123 1408 ‘70

998 1435 1171 1502 Cum
1198 1438 1430 1502 Boreae
1457 1438 1663 1503 flatus
1692 1437 1935 1523 Anglis
1965 1438 2147 1502 foret
2176 1435 2425 1500 immod
2434 1438 2685 1514 eratus,

997 1541 1193 1606 Illius
1224 1544 1330 1607 est
1357 1541 1562 1607 flatus
1593 1563 1761 1606 aura
1789 1540 2063 1606 meliore
2092 1540 2397 1627 fugatus.

733 1900 1336 1945 1v.-—EP1'1·APH1UM
1386 1901 1635 1945 nomm
1694 1901 2038 1944 WILLELMI
2083 1900 2362 1945 ABBA'HS
2406 1879 2921 1944 RIEVALLIS.·’‘·—

1226 1984 1404 2070 [MS.
1432 1984 1617 2065 Gott„
1657 1984 1838 2047 Titus
1869 1984 1933 2047 D
1964 1984 2143 2064 xxiv,
2159 1984 2226 2069 f.
2262 1984 2398 2068 81.]

909 2169 1180 2233 Dormit
1207 2171 1283 2234 in
1312 2170 1441 2234 hoc
1469 2168 1735 2232 tumulo
1766 2167 2104 2251 quondam
2135 2166 2601 2232 celeberrimus
2631 2164 2745 2238 ifle

994 2272 1266 2340 Ordinis
1296 2272 1653 2357 interpres,
1687 2270 2037 2356 religionis
2068 2272 2234 2335 odor
2250 2297 2269 2351 3

910 2378 1024 2442 Sol
1053 2377 1314 2462 patriae,
1339 2380 1543 2465 pater
1573 2374 1892 2456 ecclesiae,
1925 2374 2045 2438 lux
2072 2374 2232 2438 fusa
2259 2394 2381 2459 per
2410 2373 2657 2454 orbem,

410 2493 515 2543 The
531 2494 643 2543 first
991 2479 1205 2565 Cujus
1235 2480 1565 2545 fundator
1594 2482 1665 2543 et
1694 2477 2080 2563 patriarcha
2110 2479 2347 2543 domus
2372 2504 2391 2558 ;

408 2560 674 2676 ᾒξέξζζξῗ
906 2563 1218 2671 Insignis
1249 2584 1527 2664 virtute,
1557 2583 1714 2664 fide,
1749 2581 2134 2668 spectabilis
2165 2584 2342 2662 ortu,
2863 2679 2876 2692 .
3086 2594 3125 2658 5

991 2689 1217 2755 Abbas
1247 2687 1631 2753 Wfflelmus
1660 2689 1849 2751 totus
1879 2685 2327 2771 Apostolicus.

906 2792 1307 2879 Angelicam
1335 2792 1538 2856 terris
1567 2791 1803 2870 vitam,
1837 2791 2129 2856 caelestia
2158 2789 2413 2854 mundo

992 2895 1251 2961 Invidit
1282 2896 1558 2960 caelum:
1592 2895 1715 2958 dat
1746 2915 1869 2958 sua
1900 2893 2139 2978 cuique
2168 2893 2375 2958 Deus.
2500 2934 2504 2938 -

908 2999 1112 3066 Liber
1140 3002 1211 3063 et
1242 2999 1603 3065 aetheream
1635 2996 2031 3062 conscendit
2062 2995 2341 3080 spiritus
2372 2996 2619 3075 aulam,

993 3104 1198 3168 Terra
1226 3102 1357 3167 sibi
1385 3105 1640 3166 terram
1670 3100 1977 3166 vindicat
2005 3099 2155 3184 ipsa
2185 3121 2399 3164 suam.
3041 3116 3127 3181 10

905 3208 1033 3272 Est
1060 3209 1298 3291 portus
1327 3205 1566 3270 mortis
1596 3224 1777 3268 mors
1807 3204 1951 3268 haec
1980 3206 2051 3268 et
2078 3206 2278 3288 porta
2308 3202 2548 3267 salutis
2575 3229 2591 3267 ε

991 3309 1311 3394 Quisquis
1342 3310 1549 3374 fidem
1575 3307 1838 3392 pendiS,
1871 3305 2102 3391 accipe
2134 3326 2410 3390 quaeque
2437 3307 2639 3390 petis.

733 3702 1308 3748 v.—EP1TAPH1UM
1338 3700 1561 3744 nomm
1590 3701 1873 3745 ABBATIS
1904 3700 2199 3745 ROBER'H
2232 3701 2392 3744 110111
2437 3687 2921 3758 ΜοΝΑ8ΤΕΒῙῙ.-1·

1245 3801 1423 3885 [MS.
1458 3802 1642 3883 Oott„
1683 3804 1864 3866 Titus
1893 3804 1958 3865 D
1987 3801 2167 3882 xxiv,
2184 3801 2250 3886 f.
2286 3802 2421 3886 82.]

408 4002 640 4034 mame„
901 3972 1038 4038 Hic
1066 3971 1171 4036 vir
1201 3968 1581 4035 honestatis
1613 3989 2018 4052 summaeque
2046 3968 2231 4052 jacet
2259 3969 2643 4054 probitatis,

901 4076 1145 4140 Forma
1173 4072 1540 4159 pudicitiae,
1573 4072 1934 4151 Robertus,
1966 4071 2256 4156 fonsque
2288 4073 2563 4158 sophiae.

900 4178 1215 4263 Optimus
1243 4177 1570 4242 abbatum
1598 4197 1717 4240 vas
1746 4176 1877 4240 iste
1908 4174 2184 4259 Deoque
2215 4181 2575 4258 sacratum,

824 4355 855 4389 ⁶
888 4354 1138 4413 William,
1162 4352 1275 4402 first
1296 4353 1474 4402 Abbat
1494 4354 1551 4401 of
1570 4351 1824 4412 Rievaux,
1848 4351 1970 4400 died
1993 4351 2050 4400 in
2075 4353 2218 4402 1145.
2286 4353 2365 4402 Of.
2400 4353 2543 4402 John
2565 4355 2623 4403 of
2655 4355 2917 4419 Hexham‚

767 4437 806 4487 1.
833 4437 1040 4486 Surtees
1068 4435 1198 4493 Soc„
1222 4427 1479 4499 pp.'108-9
1505 4435 1704 4497 (where
1728 4433 1835 4483 this
1856 4434 2072 4498 epitaph
2088 4435 2135 4483 is
2156 4434 2407 4499 printed),
2433 4437 2538 4485 and
2565 4439 2671 4489 149.

821 4520 850 4583 †
884 4519 1091 4578 Robert,
1113 4517 1288 4566 Abbat
1310 4517 1367 4566 of
1388 4516 1747 4578 Newminster,
1770 4517 1828 4565 in
1850 4516 2344 4579 Northumberland‚
2374 4517 2497 4566 died
2537 4519 2594 4567 in
2626 4521 2768 4570 1159.
2837 4521 2921 4574 cf.

773 4600 1072 4650 Memorials
1094 4599 1149 4649 of
1170 4595 1455 4649 Fountains
1477 4598 1712 4664 Abbey,”
1737 4599 1839 4650 vol.
1861 4598 1915 4661 1.,
1935 4613 2046 4650 vam
2071 4598 2162 4650 loo.
