3308 5200
155 970 428 1022 Laurence

149 1037 379 1086 defends

150 1101 247 1150 the
277 1102 436 1167 study

147 1166 207 1216 of
239 1167 418 1219 death.

149 3308 199 3356 A
222 3306 416 3357 discus-

22 3372 23 3389 ³
151 3373 267 3422 sion
288 3386 358 3421 on

153 3437 390 3514 austract

152 3516 370 3553 seleuce.

157 3592 203 3640 1.
228 3590 333 3641 'l'he

152 3655 354 3706 science
375 3656 432 3706 of

152 3722 414 3771 numbers.

153 3987 203 4054 '2.
225 4002 406 4054 Music.

1111 496 1612 543 nquLMENsIs.
1702 498 1911 544 LIBER
1954 500 2046 544 Π.
2584 477 2671 543 49

486 649 563 713 P.
652 649 923 735 Ergone
950 650 1104 736 plus
1134 650 1393 736 aliquid
1422 673 1606 719 saevae
1633 653 1994 719 meditatio
2023 653 2282 734 mortis,

739 753 1025 820 Artibus
1054 754 1371 840 ingenuis
1400 777 1510 822 ars
1549 757 1938 839 metuenda,
1969 757 2167 822 docet
2187 759 2221 822 9

482 856 557 920 L.
651 856 930 923 Artibus
958 858 1276 944 ingenuis
1305 861 1542 926 mortis
1571 861 1929 928 meditatio
1957 864 2279 946 praestat3

741 960 924 1041 Quid
953 963 1242 1028 doceant
1269 963 1439 1045 aliae,
1486 963 1648 1049 quid
1678 964 1876 1030 docet
1902 966 2041 1030 ista
2069 964 2258 1045 vide3

653 1064 837 1147 Quid
865 1067 1061 1131 docet
1090 1088 1199 1132 ars
1229 1068 1412 1133 vocis
1447 1069 1862 1144 moderatrix
1888 1068 2291 1150 articulatae,

739 1170 831 1233 Et
859 1170 1232 1256 disciplinae
1261 1171 1540 1237 cuilibet
1569 1175 1735 1257 apta
1762 1193 1982 1238 comes
2006 1200 2025 1254 3

651 1273 744 1338 Et
774 1294 994 1339 comes
1024 1278 1095 1339 et
1126 1279 1355 1341 custos
1387 1276 1711 1361 quidnam
1741 1276 1939 1342 docet
1959 1279 1993 1342 9
2037 1276 2187 1361 ipsa
2214 1275 2557 1341 volentem

738 1377 953 1443 Recte
982 1377 1151 1443 scire
1179 1377 1367 1464 loqui
1393 1401 1589 1465 posse
1620 1380 1852 1465 cupita
1882 1381 2098 1446 docet.

622 1479 783 1545 .111a
811 1480 998 1566 loqui
1026 1485 1231 1565 recte,
1272 1487 1453 1549 recte
1485 1485 1681 1549 docet
1710 1485 1853 1550 haec
1883 1483 2168 1569 operari,

735 1585 974 1652 Verbis
1002 1586 1122 1652 illa
1152 1587 1442 1673 quidem,
1472 1588 1773 1655 moribus
1803 1588 1939 1655 ista
1969 1588 2242 1654 studet:

650 1690 818 1756 Haec
847 1691 1092 1756 vitium
1121 1693 1297 1775 vitae,
1327 1694 1574 1760 vitium
1603 1698 1798 1760 cavet
1827 1694 1947 1758 illa
1974 1692 2276 1778 loquelae,

737 1794 869 1859 Illa
897 1795 1069 1881 legit
1096 1801 1397 1878 ventum,
1430 1797 1727 1883 concipit
1754 1799 1891 1863 ista
1920 1797 2163 1862 Deum.

651 1899 818 1965 Haec
848 1899 1062 1986 igitur
1092 1902 1252 1987 quia
1277 1902 1477 1988 plura
1503 1907 1733 1988 potest
1762 1906 1832 1968 et
1859 1905 2140 1987 praestat
2172 1900 2413 1980 eidem,

738 2004 903 2069 Plus
935 2006 1144 2070 etiam
1173 2007 1418 2073 merito
1448 2028 1555 2073 me
1584 2007 1758 2071 mihi
1788 2010 1988 2092 grata
2013 2009 2225 2072 tenet.

479 2107 559 2173 P.
648 2108 830 2175 Cedo
854 2136 873 2190 3
922 2111 1040 2176 sed
1070 2132 1179 2175 ars
1210 2112 1445 2177 eadem
1474 2133 1640 2175 num
1669 2110 1961 2177 rhetoris
1993 2109 2236 2195 abjicit
2266 2112 2485 2175 artem
2505 2111 2539 2174 9

480 2213 555 2277 L.
731 2214 1019 2299 Abjicit‚
1052 2219 1122 2279 et
1150 2236 1425 2301 prorsus
1456 2216 1717 2301 dejicit.
1807 2216 1888 2281 P.
1934 2216 2031 2280 At
2059 2214 2224 2299 quid
2253 2213 2401 2299 agit
2420 2216 2454 2279 9

476 2316 555 2381 I..
648 2316 922 2402 Spernit
951 2318 1307 2385 rhetoricis
1340 2341 1450 2385 ars
1479 2319 1617 2386 ista
1647 2320 1981 2386 coloribus
2015 2319 2142 2399 uti,

739 2422 1221 2508 Virtutumque
1251 2428 1480 2491 monet
1507 2425 1677 2491 velle
1707 2424 1943 2490 decore
1971 2423 2134 2488 frui.

652 2525 790 2592 Ora
818 2527 1073 2594 diserta
1099 2533 1350 2615 putans
1381 2528 1653 2615 depicta
1684 2528 2060 2615 sepulchra,
2089 2526 2323 2614 politis

738 2632 904 2697 Plus
932 2633 1132 2699 labiis
1165 2635 1465 2700 animum
1497 2654 1760 2719 semper
1788 2634 2036 2700 habere
2064 2636 2315 2698 monet.

479 2734 559 2800 P.
650 2735 832 2816 Quid
863 2736 922 2801 si
949 2738 1272 2823 procedat
1304 2738 1722 2818 dialecticus,
1753 2740 1824 2804 et
1855 2737 1985 2802 sibi
2016 2740 2308 2816 certans,

740 2841 926 2922 Sum,
956 2843 1297 2928 proponit,
1328 2843 1533 2908 homo
1552 2844 1584 2907 9
1642 2842 1722 2907 L.
1767 2841 1928 2907 Non
1957 2842 2160 2907 homo
2191 2862 2367 2906 saeva
2392 2840 2667 2925 probata

649 2944 768 3009 Nil
800 2950 1298 3031 argumentum,
1329 2945 1428 3010 nil
1456 2946 1642 3013 mille
1675 2946 2097 3032 sophismata
2122 2948 2435 3031 prosunt,

739 3049 925 3115 Hinc
955 3049 1090 3115 cito
1121 3050 1465 3117 concludit
1492 3072 1674 3116 mors
1705 3051 1843 3131 ubi,
1876 3050 2101 3130 Petre,
2132 3050 2339 3116 venit.
2491 3049 2670 3135 [ejus

479 3152 561 3218 P.
652 3152 998 3237 Quidquid
1039 3155 1114 3218 in
1144 3155 1490 3220 abstracta
1531 3154 1862 3220 mathesis
1909 3154 2296 3240 speculatur
2317 3155 2351 3218 9
2435 3154 2515 3219 L.
2560 3153 2672 3218 Ad

736 3256 888 3322 Duc
919 3259 1221 3325 animum
1252 3258 1546 3343 species3
1590 3279 1736 3323 rem
1765 3258 1902 3325 cito
1931 3279 2129 3324 nosse
2157 3261 2354 3343 potes
2381 3283 2397 3323 ε

649 3361 915 3427 Harum
941 3363 1163 3448 prima
1189 3366 1433 3448 potens
1462 3363 1728 3427 numeri
1755 3384 1880 3448 par
1909 3366 2172 3448 spectat
2201 3365 2273 3429 et
2300 3362 2540 3447 impar,

733 3466 945 3533 Ducit
974 3471 1044 3533 et
1072 3468 1146 3531 in
1173 3471 1402 3553 partes
1431 3466 1603 3532 illud
1629 3470 1991 3550 utrumque
2022 3487 2216 3531 suas:

651 3569 786 3637 Sed
818 3571 1070 3656 digitos
1102 3572 1316 3657 agiles
1348 3593 1458 3637 ars
1486 3574 1791 3657 praestat,
1824 3573 1895 3635 et
1924 3571 2067 3636 haec
2096 3591 2450 3638 numerose

732 3677 825 3741 Et
852 3675 1092 3762 vigiles
1125 3676 1386 3742 animos
1414 3679 1698 3762 praestat
1729 3675 2049 3741 avaritiae.

645 3780 740 3845 Et
766 3801 1078 3846 nummos
1107 3801 1461 3847 numerare
1491 3780 1725 3859 docet3
1773 3801 1937 3843 num
1970 3799 2281 3865 spernere
2311 3779 2551 3847 suadet
2567 3783 2601 3847 i>

733 3885 921 3950 Mors
949 3883 1281 3952 meditata
1310 3884 1448 3964 diu,
1482 3904 1796 3968 spernere
1825 3884 2066 3949 suadet
2094 3903 2231 3949 eos.

648 3988 917 4053 Musica
945 3987 1244 4054 succedit
1272 4009 1419 4072 quae
1448 4008 1629 4052 nunc
1657 3988 2072 4067 harmonica,
2105 4006 2279 4071 saepe

734 4092 1102 4177 Rythmica
1128 4113 1237 4158 me
1263 4092 1509 4171 tenuit,
1539 4111 1704 4157 voce
1736 4091 2051 4174 sonisque
2079 4091 2326 4176 juvans
2350 4116 2370 4170 3

647 4194 736 4259 In
765 4217 898 4280 qua
928 4196 1025 4260 sic
1056 4195 1322 4259 utinam
1348 4194 1521 4258 mihi
1549 4194 1939 4260 commodus
1967 4215 2178 4277 usque
2206 4193 2494 4261 fuissem

735 4298 955 4379 Quam
984 4301 1221 4383 gratus
1250 4297 1455 4364 variis
1487 4298 1762 4364 auribus
1791 4298 1935 4382 ipse
1963 4296 2069 4361 fui
2096 4297 2109 4360 ἔ

2788 764 2869 831 70

2788 1286 2870 1353 75

2786 1810 2868 1875 80

2787 2332 2871 2397 85

2788 2853 2873 2917 90

2783 3375 2867 3439 95

2738 3896 2865 3962 100

653 4402 787 4469 Sed
814 4401 986 4466 mihi
1014 4422 1197 4468 mors
1226 4402 1559 4467 meditata
1585 4402 1771 4487 parit
1801 4423 1946 4486 quae
1975 4400 2237 4467 musica
2264 4400 2604 4488 quondam
2735 4415 2863 4482 105

733 4505 892 4573 Non
918 4505 1168 4597 potuit.
1236 4508 1314 4573 P.
1335 4505 1518 4593 Quid
1534 4506 1608 4573 id
1625 4510 1732 4575 est
1749 4507 1783 4574 i>
1845 4505 1923 4571 L.
1942 4504 2219 4573 Discere
2247 4505 2417 4572 velle
2445 4504 2619 4572 mori
2642 4531 2663 4588 3

2360 4627 2403 4678 u
