3308 5200
177 944 285 996 His
300 962 422 998 men

175 1013 359 1064 search
389 1013 476 1063 for

173 1575 298 1628 And
318 1580 421 1631 tor-

172 1710 373 1775 people.

166 2337 280 2432 3¹²⁶

166 2467 401 2518 torture”

166 2533 455 2586 described.

162 3453 333 3506 Other
358 3457 464 3508 tor-

159 3523 323 3573 tures.

1134 567 1631 620 nmmum.
1719 568 1927 617 mma
1968 569 2048 617 11.
2602 548 2684 615 23

674 725 817 793 Nec
844 725 990 813 jam
1019 726 1079 793 si
1106 725 1258 813 quis
1279 728 1507 809 habet,
1539 728 1660 794 sed
1688 727 1747 793 si
1773 724 1925 813 quis
1954 726 2201 793 habere
2228 727 2536 812 putatur,

759 830 1114 897 Proximus
1145 835 1251 898 est
1278 853 1494 898 causae
1523 854 1643 898 cur
1670 832 1774 897 ita
1799 833 2034 897 turbat
2072 851 2333 915 aquam.

670 933 806 998 Hic
836 935 1362 1021 centumgemini
1390 936 1630 1002 sudare
1660 956 1900 1000 manus
1930 933 2210 1016 Briarei,
2751 925 2876 988 255

756 1038 894 1106 Hic
921 1040 1148 1105 oculos
1177 1039 1349 1126 Argi
1376 1061 1534 1105 mox
1561 1039 1842 1125 vigilare
1869 1041 2089 1124 putes,

670 1142 1030 1228 Unguibus
1058 1143 1351 1230 Harpyae
1383 1143 1611 1210 saevire
1639 1144 1993 1229 rapacibus
2022 1143 2308 1222 instant,

755 1246 1189 1313 Horrendum
1219 1248 1509 1314 stridens
1538 1246 1791 1313 viribus
1820 1246 2061 1331 Hydra
2087 1245 2304 1311 novis.

669 1349 1016 1436 Gorgones
1047 1354 1343 1436 aspectu,
1374 1350 1775 1435 fiammaque
1801 1350 2076 1416 furente
2103 1349 2458 1430 Ohimaera,

752 1455 847 1520 Et
873 1455 985 1520 lue
1016 1454 1303 1522 deformi
1335 1455 1557 1538 Scylla
1584 1453 1892 1520 biformis
1922 1454 2134 1522 obest.
2750 1448 2877 1513 260

667 1558 892 1624 Multa
916 1557 1305 1644 fatigantur
1331 1561 1674 1624 tormenta
1701 1557 1995 1625 satellite
2022 1558 2262 1638 multo,

751 1662 1099 1729 Fulminat
1125 1662 1383 1749 insigni
1414 1684 1623 1729 saevus
1654 1662 1730 1727 in
1757 1663 1922 1729 urbe
1949 1662 2160 1727 furor.

666 1764 803 1830 Hic
829 1786 1136 1852 proceres
1167 1766 1501 1852 equitant,
1532 1766 1709 1832 cives
1741 1788 1783 1831 a
1810 1765 2050 1852 pollice
2077 1765 2398 1853 pendent,

753 1869 997 1936 Vincla
1022 1872 1263 1936 tenent
1290 1871 1590 1956 juvenes,
1619 1891 1801 1935 mors
1829 1869 2078 1955 premit
2108 1873 2259 1935 atra
2288 1889 2501 1936 senes.

666 1973 895 2039 Durus
923 1996 1131 2059 equus
1160 1996 1510 2061 procerum
1532 1974 1793 2040 findens
1814 1973 1988 2040 male
2006 1995 2285 2059 corpora
2303 1971 2589 2059 lignum,
2752 1970 2876 2035 265

751 2078 966 2164 Cujus
995 2082 1192 2165 terga
1216 2079 1437 2144 virum
1467 2100 1708 2164 corpus
1737 2080 1942 2143 acuta
1971 2079 2226 2143 secant.

666 2182 871 2248 Hunc
899 2183 1113 2249 vincti
1140 2188 1299 2270 post
1327 2187 1524 2269 terga
1548 2204 1792 2248 manus
1820 2182 2129 2266 talosque
2160 2182 2424 2268 gravati

754 2286 1012 2353 Loricis
1043 2288 1390 2371 equitant3
1435 2286 1494 2352 Ο
1523 2286 1826 2371 equitare
1852 2285 2077 2352 ferum
2103 2287 2117 2350 1

665 2390 902 2458 Calcar
929 2391 1049 2472 eis,
1077 2392 1289 2458 lorica
1317 2389 1567 2477 gravis,
1591 2411 1805 2475 neque
1834 2388 2041 2455 fissile
2068 2388 2333 2474 lignum

748 2494 1008 2582 Pungit
1035 2517 1301 2580 equum,
1333 2516 1453 2562 nec
1483 2516 1636 2561 eum
1666 2515 1929 2560 currere
1956 2494 2156 2559 tarda
2182 2497 2433 2562 monet.
2753 2492 2878 2561 270

662 2600 820 2667 Non
846 2598 1116 2687 pungit,
1147 2600 1309 2665 dum
1335 2598 1584 2685 pendet
1611 2599 1804 2666 obest
1831 2600 1901 2665 et
1927 2598 2217 2684 pondere
2245 2598 2454 2681 laedit,

751 2705 1054 2772 Pondere
1080 2704 1233 2790 plus
1263 2703 1416 2769 acui
1443 2705 1639 2788 terga
1666 2702 1982 2769 videntur
2008 2702 2182 2786 equi.

668 2808 824 2875 Stat
849 2809 999 2876 fera
1026 2829 1213 2894 gens,
1244 2828 1407 2893 gens
1436 2825 1710 2893 prorsus
1751 2826 1980 2891 agens,
2011 2805 2272 2871 homini
2299 2809 2676 2895 peregrina,

753 2912 910 2979 Stat
937 2932 1128 2979 secus
1156 2914 1227 2978 et
1252 2911 1431 2977 ridet
1460 2930 1625 2994 quos
1654 2930 1737 2977 ea
1762 2908 1941 2976 ferre
1967 2908 2153 2976 videt
2175 2936 2195 2990 3

662 3015 966 3082 Artubus
994 3017 1258 3100 ereptos
1287 3033 1453 3099 gens
1480 3012 1735 3098 promit
1761 3014 1832 3078 et
1857 3011 2068 3097 impia
2093 3034 2350 3097 nervos,
2747 3016 2873 3085 2⁹75

746 3120 840 3186 Et
868 3118 965 3186 sic
991 3118 1068 3183 in
1091 3118 1389 3202 laqueos,
1418 3116 1640 3196 Petre,
1669 3116 1978 3182 recurvat
2006 3136 2141 3182 eos.

661 3222 1029 3290 Postmodo
1056 3219 1432 3307 pollicibus,
1461 3218 1853 3304 plerumque
1880 3218 2235 3285 virilibus
2213 3242 2398 3305 1psos

746 3326 1058 3395 Testibus
1086 3323 1410 3404 annectit,
1442 3324 1781 3440 dignaque
1808 3325 2023 3389 morte
2048 3322 2242 3390 facit.

659 3430 891 3518 Digna
915 3428 1089 3495 mori
1118 3450 1320 3514 quam
1346 3447 1545 3513 posse
1571 3425 1743 3493 mori
1774 3446 1939 3509 quos
1966 3426 2134 3494 velle
2163 3428 2426 3514 coegit3

744 3533 903 3603 Non
932 3533 1119 3614 sinit,
1150 3535 1219 3599 et
1246 3534 1497 3598 mortes
1526 3530 1792 3597 vincere
1818 3533 2033 3596 morte
2062 3534 2268 3597 vetat.
2741 3539 2865 3605 280

664 3637 961 3725 Stringit
989 3634 1169 3704 enim
1195 3635 1531 3720 laqueum,
1561 3633 1842 3700 miseros
1871 3633 1989 3699 et
1968 3655 2042 3697 111
2072 3637 2229 3700 aera
2259 3634 2432 3704 cives

745 3742 810 3806 A
835 3742 1027 3808 trabe
1054 3757 1221 3827 gens
1247 3760 1451 3806 nervo
1482 3758 1658 3803 saeva
1682 3738 1952 3804 furente
1979 3737 2216 3804 trahit.

663 3845 776 3914 Sic
803 3846 1046 3911 durum
1072 3844 1226 3929 plus
1252 3846 1469 3909 morte
1496 3841 1751 3906 malum
1777 3841 1971 3906 trabe
1996 3840 2174 3907 ludit
2202 3842 2289 3908 ab
2318 3843 2478 3926 alta,

745 3948 954 4015 Ludit
981 3951 1052 4015 et
1077 3946 1367 4013 illudens
1396 3966 1530 4011 aera
1555 3944 1774 4029 petita
1798 3942 1993 4029 petit.

660 4052 970 4138 Dumque
994 4050 1189 4131 furit,
1217 4069 1622 4132 nervumque
1647 4046 1885 4128 trahit,
1914 4047 2094 4114 male
2116 4049 2419 4116 mentula
2442 4052 2665 4137 rumpi
2736 4060 2860 4125 285

744 4154 1034 4242 Incipit3
1063 4153 1402 4220 interdum
1428 4152 1788 4237 rumpitur,
1829 4150 2061 4235 hiique
2088 4152 2377 4234 cadunt,

656 4261 750 4328 Et
775 4261 1066 4347 perdunt
1094 4258 1192 4324 sic
1219 4278 1364 4324 esse
1390 4256 1519 4322 viri
1548 4254 1827 4340 cupidos
1856 4276 1981 4321 nec
2010 4254 2381 4341 adimplent

714 4364 987 4432 ‚Dando
1018 4362 1336 4449 quicquid
1360 4360 1636 4441 habent,
1667 4359 1907 4426 crescit
1937 4379 2138 4423 avara
2164 4358 2403 4428 fames.

658 4469 821 4551 Quae
849 4468 1018 4554 legit
1047 4465 1309 4533 eximiis
1335 4462 1630 4549 locuples
1659 4461 2054 4546 Arimaspus
2084 4462 2325 4543 arenis,

744 4572 909 4655 Quae
935 4570 1162 4658 Tagus
1191 4567 1354 4651 edit,
1383 4567 1600 4635 Hiber
1624 4566 1806 4652 quod
1831 4565 2034 4647 fodit,
2061 4570 2242 4634 esset
2268 4567 2351 4635 ei.
2734 4580 2858 4646 290
