3308 5200
157 1155 346 1222 Largo

157 1222 379 1275 foreste.

165 1891 324 1953 Corn,
359 1891 474 1955 ssah,

162 1957 358 2022 honey.

171 2423 409 2473 Dur-ham
428 2420 478 2475 is

170 2489 379 2540 famous
391 2489 477 2540 for

178 2919 283 2970 The
301 2919 370 2971 110

179 2999 266 3036 are
286 2985 375 3036 de-

1137 573 1633 625 Dmtunusm.
1725 575 1933 625 Lmnn
1977 579 2055 625 11.
2467 616 2472 620 .
2609 556 2686 624 21

673 737 766 803 Et
790 736 1142 824 plumbum
1169 742 1467 829 potando
1494 745 1763 831 tegunt,
1792 744 2199 831 plumboque
2228 742 2567 829 direptum

757 843 1015 910 Enatat
1042 852 1422 932 argentum,
1451 849 1551 913 nil
1577 849 1780 915 modo
1810 849 2025 915 sordis
2054 849 2334 915 habens.

670 945 982 1031 Hincque
1013 949 1452 1018 Dunelmensi
1479 953 1801 1037 praedicta
1825 952 2113 1038 pecunia
2139 953 2301 1018 fisco

756 1050 1111 1134 Provenit3
1157 1055 1284 1121 hoc
1312 1077 1558 1121 munus
1585 1056 1838 1141 promit
1865 1056 2066 1123 inane
2095 1076 2354 1123 nemus.
2756 1060 2885 1126 180

674 1153 749 1219 Si
777 1142 1057 1241 lapides,
1089 1157 1149 1221 si
1177 1158 1518 1240 bestiolae,
1550 1160 1610 1223 si
1638 1162 1880 1225 caetera
1906 1159 2085 1224 vasti

757 1258 974 1327 Nosse
1001 1261 1166 1328 velis
1195 1263 1511 1343 nemoris,
1542 1263 1694 1346 quis
1724 1262 1919 1328 Maro
1947 1266 2145 1328 tanta
2173 1265 2373 1329 canat
2393 1264 2427 1328 ἱ)

674 1363 896 1445 Petre,
930 1365 1103 1431 scias
1134 1366 1312 1450 quod
1340 1366 1405 1433 ei
1433 1388 1556 1434 nec
1585 1366 1771 1433 dives
1803 1366 2120 1432 Pactolus
2151 1367 2298 1432 auri

758 1467 893 1532 Par
922 1472 1064 1548 est3
1110 1469 1355 1536 eximio
1387 1470 1564 1537 cedit
1592 1492 1799 1537 arena
1829 1471 1993 1536 solo.
2320 1469 2684 1555 [Dunelmo

673 1569 931 1638 Caetera
961 1571 1123 1656 quid
1150 1594 1512 1640 memorem
1533 1576 1566 1639 ἱ)
1612 1574 1777 1657 quid
1807 1594 2039 1658 equuS‚
2073 1574 2235 1658 quid
2262 1575 2465 1640 turba
2756 1581 2882 1646 185

756 1674 1062 1756 Rustica,
1096 1676 1258 1760 quid
1287 1676 1473 1757 civis,
1506 1680 1764 1761 quanta
1788 1677 2051 1743 tributa
2076 1677 2258 1744 ferat
2279 1679 2313 1743 ἱ)

672 1777 857 1859 Quas
887 1783 1148 1869 segetes
1176 1801 1569 1847 numerosus
1601 1803 1784 1866 ager,
1814 1802 1981 1865 quos
2010 1782 2307 1865 undique
2334 1781 2551 1867 pisces

756 1883 1092 1964 Flumina,
1124 1888 1389 1970 stagna,
1418 1885 1604 1950 lacus
1633 1890 1705 1952 et
1733 1906 1917 1951 mare
1945 1887 2197 1971 praebet
2225 1887 2288 1952 ei
2309 1888 2343 1952 ἱ)

671 1986 935 2068 Quosve
964 1987 1171 2068 cibos,
1201 2009 1368 2071 quas
1396 1988 1615 2056 mellis
1644 2010 1829 2074 opes,
1860 1989 2207 2074 nostrique
2236 1990 2421 2074 Lyaei

755 2090 1097 2172 Quantam
1124 2092 1474 2160 materiem
1500 2096 1685 2159 terra
1710 2092 2055 2158 ministrat
2084 2093 2147 2159 ei
2163 2095 2196 2158 i>
2757 2105 2882 2169 190

669 2194 835 2261 Haec
865 2195 925 2259 si
955 2199 1201 2262 cuncta
1227 2196 1486 2280 loquor,
1514 2196 1808 2264 fortasse
1836 2200 2040 2283 poeta
2067 2198 2377 2282 putabor,

756 2299 848 2364 Et
875 2299 1110 2364 multis
1141 2321 1359 2366 sermo
1382 2299 1624 2366 fabula
1649 2304 1884 2367 noster
1913 2300 2066 2368 erit.

675 2401 807 2469 Sed
836 2402 1090 2485 quales,
1120 2406 1202 2467 ut
1227 2424 1445 2488 pauca
1469 2403 1730 2488 loquar,
1760 2403 2107 2489 provincia
2133 2425 2358 2470 rerum

756 2505 1026 2572 Fertilis
1057 2506 1199 2572 edit
1227 2527 1431 2591 equos
1460 2528 1567 2573 res
1599 2508 1766 2573 satis
1795 2507 1945 2591 ipsa
1971 2507 2237 2593 probat.

669 2610 800 2675 His
831 2615 1034 2695 caput
1062 2615 1166 2677 est
1194 2612 1533 2677 modicum
1563 2612 1759 2698 cujus
1792 2633 1981 2679 secus
2012 2613 2276 2678 ossibus
2306 2613 2515 2679 haeret
2754 2627 2881 2691 195

755 2713 962 2781 Pellis
992 2715 1191 2795 sicca,
1220 2715 1406 2782 brevi
1433 2718 1584 2781 tota
1610 2715 1829 2801 polita
1854 2716 2017 2800 pilo·

674 2818 850 2884 Sunt
878 2823 948 2885 et
977 2819 1074 2886 eis
1102 2818 1352 2904 patulae
1380 2840 1598 2899 nares,
1631 2822 1983 2904 erectaque
2014 2820 2259 2901 cervi1‚

757 2922 974 2990 Aures
1006 2927 1283 3009 argutae,
1315 2923 1412 2989 sic
1435 2923 1649 3004 decet,
1683 2927 1884 3007 atque
1914 2925 2166 2991 breves.

675 3026 851 3091 Sunt
880 3026 1058 3092 oculi
1087 3027 1397 3121 grandes,
1431 3048 1622 3093 coma
1651 3028 1881 3107 densa,
1913 3027 2202 3094 volubile
2234 3025 2503 3109 collum,

757 3132 1041 3199 Pectora
1067 3132 1279 3218 larga,
1310 3131 1541 3217 jacens
1571 3153 1816 3216 parvus
1845 3131 2092 3216 ubique
2119 3131 2340 3216 pilus3
2758 3149 2884 3216 200

671 3236 929 3323 Corpus
960 3236 1056 3303 eis
1086 3235 1407 3315 validum,
1436 3235 1720 3320 longum
1746 3234 1951 3315 latus,
1985 3238 2186 3319 atque
2214 3234 2494 3300 rotundi

756 3339 1027 3420 Clunes,
1059 3339 1275 3405 cauda
1303 3359 1424 3404 suo
1456 3338 1666 3405 densa
1693 3338 2064 3423 decensque
2093 3339 2293 3404 modo
2318 3365 2338 3419 3

671 3444 843 3511 Orus
873 3442 1184 3523 solidum,
1213 3446 1602 3527 rectumque
1631 3463 1833 3527 genu,
1864 3441 1981 3508 sed
2009 3446 2080 3508 et
2106 3442 2367 3528 ungula
2394 3442 2645 3508 siccum

757 3549 981 3632 Atque
1013 3568 1251 3613 cavum
1281 3545 1529 3612 solidat
1556 3567 1745 3631 paene
1773 3545 2071 3611 rotunda
2096 3546 2357 3631 pedem.

670 3653 959 3739 Insuper
986 3652 1294 3731 audaces,
1327 3648 1578 3717 alacres
1607 3650 1797 3734 pede,
1830 3670 2075 3733 quosve
2106 3651 2331 3734 quiete
2757 3670 2883 3735 205

756 3757 864 3822 Ex
893 3777 1156 3822 summa
1180 3754 1382 3821 facile
1413 3753 1708 3821 concitet
1736 3753 1884 3839 ejus
1916 3773 2157 3838 eques3

671 3860 931 3927 Rursus
961 3862 1031 3927 et
1059 3862 1316 3926 emotos
1344 3858 1572 3925 videas
1600 3879 1741 3923 non
1767 3878 1912 3924 esse
1941 3857 2181 3937 teneri,

755 3963 1077 4030 Difficiles
1106 3961 1330 4029 facilis
1359 3960 1592 4041 moti0,
1624 3960 1844 4027 calcar
1871 3961 2116 4042 habet3

671 4068 934 4137 Deinde
960 4067 1241 4135 reducta
1268 4064 1476 4132 citum
1504 4063 1828 4131 rescindit
1855 4064 2120 4132 habena
2147 4063 2469 4147 volatum,

758 4170 1318 4257 Quodviscunque
1344 4173 1504 4235 tuus
1533 4168 1702 4236 velle
1728 4168 1996 4235 videtur
2022 4189 2253 4254 equus.
2758 4193 2882 4258 210

677 4278 811 4346 Sed
840 4276 1002 4362 quid
1029 4278 1226 4342 necto
1254 4274 1520 4338 moras?
1563 4272 1637 4335 in
1665 4271 1939 4336 naribus
1971 4272 2194 4356 aspice
2222 4276 2526 4355 motum3

759 4382 848 4446 In
873 4379 1160 4447 tremulo
1189 4377 1364 4444 vires
1395 4396 1669 4461 corpore
1697 4395 1894 4442 nosse
1922 4378 2138 4460 potes.

678 4486 919 4570 Sicque
946 4484 1182 4551 decore
1210 4502 1355 4561 suo,
1384 4479 1627 4559 forma,
1657 4479 2030 4564 meritoque
2057 4480 2397 4564 probatos,

762 4589 1119 4672 Quartum,
1148 4585 1326 4672 quod
1355 4585 1680 4670 superest,
1712 4586 1779 4650 et
1809 4582 1990 4649 color
2018 4582 2148 4650 iste
2176 4584 2442 4667 probat,
